2769 4332
636 463 807 511 ANN
808 464 848 510 O
860 463 971 513 ΠΝ
970 463 1244 512 CEMEN
1247 463 1297 513 T
1294 462 1336 510 S
1386 462 1481 510 OF
1514 463 1625 511 NE
1639 461 1710 511 W
1746 461 1797 510 B
1806 461 2009 511 OOKS.
2308 458 2366 514 xi

239 737 558 859 „Ginn
661 737 772 844 8ζ
886 736 1328 843 Heath's
1432 735 1933 843 Classical
2030 739 2365 843 Atlas.

266 954 573 1016 Containing
619 966 682 1016 23
727 952 946 1002 Colored
987 954 1153 1017 Maps,
1201 953 1302 1001 and
1349 969 1379 1000 a
1425 953 1691 1016 complete
1716 953 1892 1002 Index.
1962 954 2071 1003 Size
2109 954 2167 1003 of
2205 955 2371 1019 Μαρε,

264 1299 361 1329 Ξ

297 1370 347 1663 θῳέὒῑ-

267 2191 290 2308 ΜΗ

266 2519 342 2569 13.

266 2601 343 2649 14.

265 2682 342 2734 15.

267 2835 342 2882 16.

267 2929 341 2979 17.

267 2997 340 3046 18.

266 3175 342 3223 19.

262 3338 342 3374 21.

263 3420 336 3454 22.

263 3502 339 3551 23.

295 1780 347 2307 2-9990510211

809 1048 867 1102 15
883 1045 930 1090 ><
948 1049 1006 1084 12
1028 1036 1205 1085 inches
1226 1054 1240 1095 ;
1285 1035 1458 1083 folded
1482 1034 1593 1093 8vo,
1621 1034 1684 1099 7}
1697 1044 1743 1089 Χ
1762 1047 1836 1083 12.

1080 1207 1136 1265 C
1142 1206 1274 1265 ΟΝ
1271 1205 1570 1264 TENTS.

397 1356 538 1404 Plan
573 1354 637 1403 of
654 1354 856 1413 Rome,
884 1354 997 1403 and
1022 1353 1404 1402 Illustrations
1430 1353 1493 1400 of
1513 1351 1787 1400 Classical
1813 1352 1984 1401 Sires.

395 1438 518 1486 The
543 1437 747 1486 World
771 1451 837 1485 as
861 1437 1065 1484 known
1091 1443 1148 1483 to
1174 1435 1268 1483 the
1295 1435 1589 1482 Ancients.

395 1521 534 1582 Map
558 1520 621 1567 of
638 1520 735 1567 the
761 1527 922 1567 outer
945 1517 1288 1580 Geography
1312 1517 1374 1564 of
1395 1518 1489 1564 the
1518 1517 1797 1578 Odyssey.

396 1602 563 1672 Orbis
592 1602 894 1649 Terrarum
925 1600 1009 1664 (et
1044 1600 1176 1648 Orb.
1216 1599 1474 1658 Homeri,
1514 1598 1809 1658 Herodoti,
1848 1599 2175 1658 Democriti,
2214 1599 2367 1648 Stra-

463 1685 651 1743 boniS‚
679 1681 1022 1747 Ptolemaei).

395 1767 697 1830 Hispania.

392 1849 589 1898 Gallia.

398 1931 610 1979 Insulae
630 1931 975 1978 Britannicae
997 1929 1079 1991 (et
1105 1928 1242 1977 Brit.
1266 1929 1580 1988 StraboniS‚
1600 1929 1736 1976 Brit.
1769 1928 2081 1987 Ptolemaei,
2107 1926 2267 1991 etc.).

395 2013 718 2071 Germania,
743 2012 1077 2069 Vindelicia,
1105 2011 1347 2070 Rhaetia,
1375 2017 1432 2058 et
1457 2010 1747 2058 Noricum.

394 2094 708 2153 Pannonia,
735 2094 930 2152 Dacia,
959 2093 1263 2154 Illyricum,
1292 2092 1517 2150 Moesia,
1545 2090 1901 2149 Macedonia,
1928 2099 1986 2139 et
2008 2091 2267 2140 Thracia.

398 2178 562 2226 Italia
586 2177 854 2241 Superior
877 2184 934 2224 et
957 2177 1204 2224 Corsica.

394 2259 558 2308 Italia
600 2259 852 2316 Inferior,
892 2258 1101 2316 Sicilia,
1139 2265 1196 2305 et
1237 2257 1499 2306 Sardinia
1546 2255 1631 2319 (et
1671 2255 2003 2318 Campania,
2048 2255 2364 2317 Syracusoe,

463 2341 692 2401 Roma).

395 2424 705 2488 Imperium
730 2423 1058 2471 Romanum
1090 2420 1173 2484 (et
1199 2422 1343 2484 Imp.
1372 2422 1538 2469 Rom.
1566 2420 1778 2469 Orient.
1809 2429 1866 2469 et
1890 2419 2134 2483 Occid.).

390 2507 608 2555 Graecia
637 2504 720 2568 (et
743 2507 1002 2563 Athenae,
1033 2504 1355 2562 Marathon,
1383 2502 1835 2566 Thermopylae).

394 2588 846 2650 PeloponnesuS,
873 2588 1078 2644 Attica,
1107 2587 1346 2644 Boeotia,
1376 2586 1605 2644 Phocis,
1631 2585 1862 2643 AEtolia,
1890 2593 1947 2633 et
1970 2585 2307 2633 Acarnania.

391 2670 608 2719 Graecia
655 2684 688 2716 a
737 2669 899 2717 Bello
936 2668 1445 2730 Peloponnesiaco,
1482 2682 1663 2730 usque
1701 2668 1772 2716 ad
1811 2666 2139 2730 Philippum
2177 2666 2251 2714 11.
2284 2665 2368 2729 (et

462 2752 774 2809 Mantinea,
803 2752 1062 2809 Leuctra,
1092 2750 1354 2812 Plataea).

385 2835 526 2882 Asia
545 2834 735 2881 Minor
751 2832 836 2894 (et
854 2833 1108 2895 Campus
1128 2832 1330 2893 Trojae,
1352 2833 1667 2895 Bosporus,
1686 2832 1882 2889 Troas,
1902 2830 2081 2889 Ionia,
2099 2830 2257 2892 etc.).

390 2917 552 2977 Syria
576 2924 633 2964 et
658 2916 949 2964 Palestina
980 2913 1062 2977 (et
1089 2915 1510 2976 Hierosolyma,
1540 2913 1697 2977 etc.).

387 2998 674 3055 Armenia,
725 2997 1165 3059 Mesopotamia,
1216 2997 1553 3058 Babylonia,
1602 2995 1841 3057 Assyria
1886 2994 1969 3058 (et
2016 2995 2129 3043 Iter
2174 2994 2364 3041 Xeno-

459 3079 740 3143 phontis).

391 3163 657 3223 Regnum
684 3161 988 3210 Alexandri
1013 3162 1215 3222 Magni
1245 3160 1330 3222 (et
1353 3160 1648 3219 GranicuS,
1676 3159 1860 3218 IssuS,
1887 3155 2142 3220 Arbela).

393 3243 590 3292 Persia
615 3251 671 3291 et
697 3243 860 3292 India
890 3242 974 3304 (et
1001 3243 1164 3291 India
1194 3241 1541 3304 Ptolomaei).

389 3326 698 3388 AEgyptus,
725 3326 950 3384 Arabia,
984 3333 1041 3373 et
1064 3326 1360 3388 AEthiopia
1392 3325 1475 3388 (et
1497 3325 1748 3385 AEgytus
1775 3321 2059 3385 Inferior).

384 3407 573 3455 Africa
602 3407 686 3469 (et
711 3407 1013 3468 CarthagO,
1044 3406 1401 3465 Alexandria,
1430 3405 1701 3453 Numidia
1726 3412 1782 3451 et
1805 3403 1993 3451 Africa
2022 3389 2302 3464 Propria).

387 3490 633 3551 Europe,
660 3490 923 3551 showing
943 3490 1037 3537 the
1055 3489 1285 3550 general
1303 3488 1575 3536 direction
1594 3487 1657 3534 of
1675 3487 1770 3533 the
1793 3484 2103 3533 Barbarian
2125 3483 2362 3531 Inroads

458 3571 663 3632 during
688 3572 782 3619 the
810 3571 1044 3620 Decline
1069 3572 1182 3620 and
1207 3570 1330 3618 Fall
1354 3570 1417 3618 of
1440 3570 1534 3617 the
1561 3568 1786 3616 Roman
1813 3566 2061 3628 Empire.

393 3653 585 3702 Index.
1906 3647 2107 3710 [Ready
2131 3648 2189 3694 in
2215 3646 2362 3709 July.

265 3832 443 3894 unm
486 3833 536 3893 ἃ
576 3831 845 3905 HEA'I'H,
885 3831 1235 3905 Publishers,
1276 3831 1511 3903 Boston,
1551 3829 1688 3891 new
1722 3828 1895 3901 York,
1938 3826 2049 3888 and
2091 3825 2357 3905 Ghioago.
