2769 4332
839 269 974 332 His
1031 269 1237 333 Youtlz
1285 270 1428 333 and
1477 268 1811 353 Trainhzg.
2342 285 2378 349 3

282 456 417 522 tiae
470 455 971 542 sapientiaeque
1024 469 1242 538 notuS,
1300 458 1515 542 iisque
1574 458 1737 541 ipsis
1795 455 2155 523 virtutibus
2208 464 2380 522 ‘iram

284 561 435 626 Gaii
486 562 792 626 Caesaris
845 563 1162 639 meritus;
1216 584 1507 645 namque
1561 564 1653 628 M.
1711 563 2013 627 Silanum
2068 583 2383 627 accusare

279 664 508 749 jussus
555 676 642 744 et,
684 667 841 749 quia
882 666 1224 741 abnuerat,
1275 665 1673 730 interfectus
1722 676 1842 731 est.
1940 667 2163 730 Mater
2206 667 2385 748 Julia

284 768 566 833 Procilla
605 766 751 846 fuit,
787 790 974 833 rarae
1019 769 1365 834 castitatis.
1465 771 1546 832 In
1592 770 1794 852 hujus
1842 771 1992 834 sinu
2039 770 2384 853 indulgen-

283 873 507 955 tiaque
540 874 862 937 educatus
893 894 1015 956 per
1045 894 1314 938 omnem
1360 875 1795 938 honestarum
1840 874 2081 947 artium
2128 875 2381 938 cultum

283 976 636 1058 pueritiam
697 976 1355 1060 adolescentiamque
1417 978 1762 1060 transegit.
1856 977 2159 1041 Arcebat
2227 999 2380 1042 eum

283 1081 367 1144 ab
421 1081 752 1149 illecebris
813 1082 1258 1164 peccantium,
1317 1091 1584 1163 praeter
1642 1081 1853 1163 ipsius
1913 1081 2156 1145 bonam
2216 1082 2383 1146 inte-

283 1205 605 1268 gramque
679 1195 1005 1262 naturam,
1080 1186 1257 1268 quod
1324 1185 1553 1249 statim
1623 1185 1936 1267 parvulus
2008 1186 2236 1248 sedem
2303 1206 2382 1248 ac

284 1289 672 1371 magistram
719 1290 1094 1354 studiorum
1143 1288 1511 1353 Massiliam
1559 1289 1808 1365 habuit,
1858 1289 2078 1352 locum
2127 1289 2384 1352 Graeca

284 1392 604 1457 comitate
633 1401 704 1457 et
734 1392 1125 1475 provinciali
1157 1392 1563 1474 parsimonia
1591 1391 1866 1455 mistum
1896 1412 1973 1455 ac
2005 1391 2179 1455 bene
2210 1412 2385 1455 com-

284 1496 596 1578 positum.
693 1496 1022 1560 Memoria
1052 1506 1254 1560 teneo
1299 1495 1569 1559 solitum
1615 1494 1834 1576 ipsum
1880 1493 2148 1559 narrare
2194 1516 2266 1559 se
2313 1496 2381 1558 in

284 1599 498 1682 prima
526 1599 808 1682 juventa
850 1599 1144 1663 studium
1191 1597 1654 1681 philosophiae
1698 1598 1932 1673 acriUS,
1968 1599 2142 1662 ultra
2185 1619 2382 1681 quam

284 1724 684 1767 concessum
734 1704 1041 1765 Romano
1088 1723 1166 1766 ac
1213 1701 1525 1777 senatori,
1561 1701 1883 1779 hausisse,
1919 1701 1988 1764 ni
2030 1702 2384 1784 prudentia

284 1806 517 1870 matris
578 1806 930 1870 incensum
990 1826 1068 1869 ac
1131 1805 1527 1888 flagrantem
1593 1803 1888 1868 animum
1954 1805 2377 1870 coercuisset.

285 1909 565 1974 Scilicet
595 1909 881 1974 sublime
913 1918 981 1973 et
1014 1918 1313 1973 erectum
1350 1907 1698 1990 ingenium
1744 1908 2259 1990 pulcritudinem
2306 1930 2383 1973 ac

283 2013 580 2095 speciem
612 2032 896 2096 magnae
928 2012 1364 2095 excelsaeque
1400 2011 1652 2094 gloriae
1681 2012 2149 2077 vehementius
2187 2033 2384 2095 quam

284 2126 483 2182 caute
513 2116 890 2200 appetebat.
988 2116 1152 2180 Mox
1181 2115 1515 2200 mitigavit
1545 2115 1713 2179 ratio
1760 2123 1830 2179 et
1873 2124 2095 2193 aetas;
2141 2115 2386 2180 retinu-

283 2221 488 2303 itque,
525 2222 702 2304 quod
734 2230 840 2285 est
871 2220 1351 2295 difficillimum,
1388 2240 1472 2283 ex
1502 2218 1831 2302 sapientia
1862 2220 2149 2283 modum.

372 2344 434 2390 v.
502 2324 721 2388 Prima
750 2333 1121 2388 castrorum
1153 2324 1535 2387 rudimenta
1564 2323 1634 2386 in
1668 2321 2017 2386 Britannia
2059 2322 2384 2386 Suetonio

286 2428 581 2504 Paulin0,
616 2427 925 2510 diligenti
969 2448 1047 2491 ac
1084 2428 1430 2491 moderato
1477 2426 1647 2504 duci,
1684 2426 2092 2508 approbavit,
2130 2426 2385 2490 electus

283 2552 484 2615 quem
531 2529 995 2601 contubernio,
1021 2530 1424 2595 aestimaret.
1521 2530 1670 2594 Nec
1715 2517 2040 2612 Agricola
2083 2528 2382 2605 licenter,

282 2656 471 2700 more
511 2634 835 2718 juvenum
867 2633 981 2717 qui
1024 2629 1329 2698 militiam
1360 2634 1431 2697 in
1462 2632 1802 2698 lasciviam
1839 2643 2131 2709 vertunt,
2168 2654 2388 2716 neque

282 2739 585 2822 segniter
614 2739 698 2803 ad
727 2737 1111 2821 voluptates
1143 2747 1212 2802 et
1245 2747 1659 2802 commeatus
1692 2737 1960 2801 titulum
2007 2737 2386 2801 tribunatus

281 2853 354 2908 et
386 2842 719 2907 inscitiam
752 2843 1020 2920 retulit3
1068 2843 1188 2907 sed
1221 2862 1503 2906 noscere
1534 2841 1965 2924 provinciam,
1994 2840 2183 2905 nosci
2209 2845 2388 2904 exerss

281 2946 463 3023 citui,
499 2947 758 3010 discere
794 2967 835 3010 a
869 2945 1121 3027 peritiS,
1159 2945 1347 3029 sequi
1391 2945 1700 3027 optimOS,
1747 2944 1915 3007 nihil
1956 2953 2275 3026 appetere
2315 2944 2384 3006 in

278 3050 736 3134 jactationem,
772 3050 939 3113 nihil
984 3049 1071 3113 ob
1112 3046 1541 3113 formidinem
1580 3069 1908 3125 recusare,
1946 3048 2275 3131 simulque
2318 3057 2387 3111 et

280 3154 519 3218 anxius
558 3164 627 3217 et
673 3154 977 3218 intentus
1023 3173 1240 3237 agere.
1338 3154 1497 3230 Non
1545 3173 1709 3216 sane
1756 3152 1917 3216 alias
1965 3151 2387 3215 exercitatior

280 3258 630 3340 magisque
646 3258 722 3322 in
749 3257 1061 3340 ambiguo
1088 3254 1438 3320 Britannia
1459 3254 1602 3320 fuit.
1694 3254 2039 3319 Trucidati
2064 3254 2381 3329 veterani,

280 3360 600 3424 incensae
645 3360 965 3438 coloniae,
1001 3360 1354 3442 intersepti
1404 3360 1776 3435 exercitus3
1829 3367 1972 3421 tum
2018 3358 2104 3421 de
2149 3358 2381 3438 salute,

188 3515 212 3530 ..
280 3485 437 3527 mox
474 3465 566 3527 de
600 3463 881 3527 victoria
927 3473 1284 3528 certavere.
1383 3464 1579 3546 Quae
1626 3471 1870 3526 cuncta
1915 3461 2044 3524 etsi
2090 3459 2384 3525 consiliis

280 3568 622 3651 ductuque
653 3567 927 3634 alterius
973 3568 1347 3650 agebantur
1393 3588 1471 3630 ac
1519 3586 1778 3643 summa
1823 3569 2044 3628 rerum
2092 3573 2161 3627 et
2204 3583 2387 3626 recu-

279 3681 552 3754 peratae
584 3671 968 3753 provinciae
998 3670 1211 3753 gloria
1241 3671 1309 3733 in
1342 3671 1582 3734 ducem
1609 3669 1830 3745 cessit,
1860 3677 2071 3731 artem
2098 3676 2166 3730 et
2189 3687 2385 3730 usum

282 3784 353 3839 et
398 3774 707 3838 stimulos
755 3774 1069 3838 addidere
1121 3773 1370 3856 juveni,
1422 3771 1828 3854 intravitque
1881 3771 2175 3834 animum
2224 3769 2387 3832 mili-

281 3878 444 3941 taris
476 3878 728 3960 gloriae
761 3878 1021 3959 cupid0,
1058 3860 1321 3959 ingrata
1359 3874 1791 3956 temporibus,
1829 3872 2068 3955 quibus
2116 3873 2386 3937 sinistra

283 4001 445 4064 erga
489 3981 867 4045 eminentes
914 3979 1379 4062 interpretatio
1439 3998 1592 4043 nec¹
1620 3976 1841 4040 minus
1888 3974 2256 4057 periculum
2303 3997 2385 4041 ex

283 4104 526 4167 magna
555 4081 735 4149 fama
766 4105 963 4167 quam
997 4105 1079 4148 ex
1109 4082 1296 4146 mala.

2453 1412 2501 1439 10

2451 1934 2500 1975 15

2460 2969 2530 3023 25⁴

2454 3486 2528 3525 30.
