2769 4332
711 248 846 310 st
897 248 1150 328 System
1197 248 1278 328 of
1314 246 1759 310 Government.
2212 263 2286 327 13

92 422 96 429 ⁴
194 435 430 501 famam
464 436 611 518 paci
646 435 1102 511 circumdedit,
1138 455 1307 518 quae
1337 435 1446 498 vel
1484 435 1740 499 incuria
1782 434 1887 498 vel
1934 434 2291 499 intoleran-

195 543 283 605 tia
311 541 603 622 priorum
638 540 816 603 haud
849 540 1070 602 minus
1117 561 1313 622 quam
1360 539 1609 602 bellum
1657 540 2031 603 timebatur.
2129 539 2284 613 Sed,

194 646 300 709 ubi
330 654 552 709 aestas
584 643 873 718 advenit,
911 653 1254 707 contracto
1287 644 1585 709 exercitu
1618 643 1913 706 multus
1898 664 1965 705 m
1998 644 2284 724 agmine,

192 750 453 814 laudare
495 748 912 822 modestiam,
947 748 1268 830 disjectos
1301 764 1651 811 coercere:
1698 747 1844 810 loca
1875 747 2111 810 castris
2142 747 2287 829 ipse

91 896 94 911 ·
192 874 442 936 capere,
491 852 822 917 aestuaria
866 872 944 915 ac
999 852 1198 917 silvas
1259 848 1404 932 ipse
1457 814 1929 933 praetentas&
1991 861 2059 915 et
2119 851 2284 914 nihil
2379 879 2404 917 s

90 962 91 965 ’
190 958 452 1022 interim
496 954 673 1038 apud
726 957 958 1019 hostes
1011 955 1309 1065 quietum
1371 955 1529 1037 pati,
1578 974 1710 1049 quo
1764 954 1985 1017 minus
2046 954 2285 1018 subitis

189 1061 574 1175 excursibus
613 1044 1080 1141 popularetur3
1127 1068 1346 1141 atque,
1397 1058 1542 1121 ubi
1557 1058 1719 1121 satis
1766 1067 2111 1131 terruerat,
2146 1078 2287 1139 par-

188 1166 398 1229 cendo
432 1152 660 1239 rjursus
685 1163 1102 1226 irritamenta
1130 1163 1313 1244 pacis
1338 1160 1697 1226 ostentare.
1796 1161 2057 1249 Quibus
2082 1162 2284 1227 rebus
2307 1218 2310 1221 ,

90 1328 91 1351 i
118 1269 434 1332 ”multae
467 1268 809 1343 civitateS,
827 1287 997 1349 quae
1030 1266 1097 1328 in
1141 1266 1326 1328 illum
1373 1266 1549 1328 diem
1599 1286 1680 1328 ex
1724 1285 1956 1348 aequoa
1985 1274 2280 1346 egerant,
2325 1324 2330 1333 ,
2387 1272 2392 1281 ’

185 1372 356 1436 datis
404 1371 766 1447 obsidibus,
803 1354 966 1432 iram
1013 1390 1314 1451 posuere,
1350 1379 1420 1433 et
1465 1369 1812 1451 praesidiis
1859 1368 2284 1452 castellisque
2353 1400 2408 1431 10

181 1480 650 1555 circumdatae,
700 1482 891 1540 tanta
941 1477 1200 1540 ratione
1252 1495 1578 1567 curaque
1589 1484 1663 1538 ut
1716 1477 1900 1542 nulla
1948 1490 2109 1544 ante
2149 1480 2290 1544 Bri-

90 1596 91 1599 ’
178 1590 449 1651 tanniae
485 1570 841 1668 novapars
855 1588 1125 1668 parzt'er
1151 1570 1518 1651 illacessita
1543 1586 1899 1652 transierit.
2017 1638 2048 1671 ⁴

259 1710 403 1756 XXI.
474 1691 780 1773 Sequens
813 1691 1029 1755 hiems
1061 1690 1516 1777 saluberrimis
1557 1692 1852 1755 consiliis
1899 1692 2269 1773 absumpta.

175 1796 503 1877 Namque,
569 1804 642 1857 ut
703 1795 1011 1858 homines
1072 1793 1356 1876 dispersi
1417 1814 1494 1858 ac
1556 1796 1755 1858 rudes
1822 1815 2034 1878 eoque
2097 1796 2273 1859 bello

90 1942 91 1969 ;
168 1897 405 1964 faciles
460 1899 666 1981 quieti
714 1909 781 1962 et
828 1899 965 1961 otio
1011 1919 1133 1980 per
1176 1899 1555 1981 voluptates
1602 1909 2088 1989 assuescerent,
2128 1901 2275 1962 hor·
2344 1936 2391 1973 ις

90 1984 95 1999 ³
168 2004 298 2068 tari
330 2003 657 2085 privatim,
707 2003 1024 2085 adjuvare
1070 2002 1353 2085 publice,
1405 2013 1479 2066 ut
1525 1990 1804 2084 templa'
1839 2000 1984 2067 fora
2037 2006 2271 2068 domos

168 2117 614 2182 exstruerent,
665 2107 996 2171 laudando
1042 2116 1388 2189 promptos
1435 2117 1503 2170 et
1551 2107 1941 2189 castigando
2004 2128 2266 2190 segnes,

170 2213 280 2275 Ita
321 2211 594 2275 honoris
641 2212 999 2276 aemulatio
1045 2232 1164 2293 pro
1212 2211 1618 2275 necessitate
1665 2221 1823 2276 erat.
1916 2212 2065 2292 Jam
2111 2231 2271 2275 vero

90 2363 93 2418 s
164 2316 546 2398 principum
593 2316 764 2379 filios
811 2314 1195 2379 liberalibus
1241 2315 1496 2378 artibus
1544 2315 1823 2389 erudire,
1872 2324 1942 2379 et
2002 2316 2275 2396 ingenia

90 2423 91 2430 ’
166 2420 648 2482 Britannorum
695 2419 934 2482 studiis
984 2417 1326 2481 Gallorum
1373 2415 1727 2493 anteferre,
1773 2427 1864 2492 ut,
1915 2418 2025 2499 qui
2072 2420 2271 2482 modo
2341 2449 2392 2477 20

90 2597 93 2614 t
161 2523 466 2605 linguam
504 2523 878 2586 Romanam
911 2522 1314 2597 abnuebant,
1351 2521 1801 2603 eloquentiam
1849 2521 2273 2602 concupisce-

90 2619 91 2658 ³
160 2635 338 2690 rent.
439 2626 606 2689 Inde
639 2615 838 2690 etiarn
871 2626 1139 2692 habitus
1165 2625 1377 2687 nostri
1404 2626 1619 2687 honor
1651 2634 1719 2688 et
1749 2622 2066 2707 frequens
2092 2636 2267 2708 toga,

89 2679 95 2812 l
159 2729 620 2813 paulatimque
662 2730 1033 2793 discessum
1080 2730 1164 2792 ad
1210 2729 1666 2792 delenimenta
1709 2729 2039 2805 vitiorum,
2076 2731 2273 2810 porti-

90 2867 91 2920 4
157 2855 283 2898 cus
335 2842 407 2896 et
451 2833 691 2896 balnea
735 2843 804 2896 et
850 2832 1306 2896 conviviorum
1355 2832 1796 2914 elegantiam3
1851 2834 2271 2915 idque-apud

90 3005 91 3024 2
156 2936 516 3019 imperitos
587 2936 966 3000 humanitas
1037 2937 1416 3014 vocabatur,
1482 2957 1634 3000 cum
1703 2957 1857 3018 pars
1930 2938 2271 3002 servitutis
2341 2962 2389 3000 2⁵

156 3048 381 3105 esset.v

247 3163 427 3208 xxn.
493 3144 764 3208 Tertius
797 3144 1296 3226 expeditionum
1329 3166 1547 3209 annus
1580 3165 1786 3209 novas
1818 3155 2059 3228 gentes
2091 3168 2273 3228 aper-

155 3248 277 3321 uit,
330 3247 613 3312 vastatis
661 3269 873 3331 usque
927 3250 1010 3312 ad
1065 3250 1368 3313 Tanaum
1424 3249 1777 3330 (aestuario
1834 3271 2080 3313 nomen
2137 3253 2265 3332 est)

90 3341 91 3384 7
154 3351 568 3415 nationibus
626 3352 780 3433 Qua
808 3349 1165 3417 formidine
1197 3355 1411 3418 territi
1437 3355 1668 3417 hostes
1694 3344 2091 3436 quamquam
2119 3375 2272 3417 con-

90 3467 91 3482 *
152 3456 494 3520 flictatum
533 3456 749 3519 saevis
793 3459 1308 3540 tempestatibus
1348 3458 1713 3521 exercitum
1760 3458 2090 3522 lacessere
2132 3478 2268 3520 non
2339 3480 2389 3517 30

90 3577 91 3608 ὲ
150 3559 344 3636 ausi3
392 3559 859 3644 ponendisque
894 3563 1168 3644 insuper
1214 3563 1506 3626 castellis
1554 3562 1843 3643 spatium
1889 3559 2032 3626 fuit.
2127 3561 2271 3623 An-

150 3663 492 3727 notabant
524 3663 723 3745 periti
749 3685 883 3728 non
910 3665 1108 3729 alium
1137 3667 1373 3729 ducem
1402 3666 1938 3747 opportunitates
1970 3665 2267 3727 locorum

90 3787 91 3842 g
148 3767 536 3849 sapientius
585 3769 848 3851 legisse.
947 3770 1224 3833 Nullum
1272 3770 1355 3833 ab
1405 3768 1728 3850 Agricola
1780 3767 2071 3849 positum
2134 3789 2270 3831 cas-

147 3871 391 3935 tellum
427 3882 546 3936 aut
578 3873 644 3935 vi
676 3874 970 3938 hostium
1002 3883 1458 3956 expugnatum
1490 3882 1605 3936 aut
1638 3872 1948 3953 pactione
1990 3891 2068 3934 ac
2109 3869 2270 3953 fuga

90 3981 91 3984 ’
145 3977 546 4053 desertum;
611 3977 881 4041 crebrae
942 3976 1373 4059 eruptiones;
1450 3996 1604 4040 nam
1664 3976 1984 4038 adversus
2047 3993 2266 4037 moras
2336 3994 2384 4032 3⁵
