2769 4332
404 267 449 328 4
1053 249 1186 313 The
1227 250 1387 332 Life
1427 251 1510 332 qs
1538 249 1863 333 Agricola.

491 456 584 505 VI.
651 440 834 504 Hinc
859 440 942 504 ad
968 440 1418 522 capessendos
1442 438 1871 522 magistratus
1902 438 2229 511 inurbem
2254 439 2501 523 digres-

404 563 540 623 suS,
575 543 941 608 Domitiam
975 543 1434 618 Decidianam,
1467 542 1838 625 splendidis
1884 543 2218 607 natalibus
2263 553 2496 618 ortam,

404 649 532 713 sibi
560 648 819 731 junxit3
860 648 1061 732 idque
1091 647 1587 712 matrimonium
1618 648 1700 711 ad
1732 647 1987 730 majora
2015 647 2261 711 nitenti
2292 649 2498 712 decus

403 773 481 817 ac
511 753 713 817 robur
740 750 884 817 fuit.
950 752 1417 835 Vixeruntque
1449 752 1614 815 mira
1646 752 2018 828 concordia,
2047 772 2167 834 per
2197 762 2498 816 mutuam

288 888 313 927 s
404 857 748 921 caritatem
779 867 848 921 et
879 856 1167 920 invicem
1201 875 1276 920 se
1306 857 1821 937 anteponendo;
1865 855 1995 918 nisi
2026 856 2203 937 quod
2227 856 2297 919 in
2322 857 2500 920 bona

404 981 606 1024 uxore
637 970 827 1024 tanto
859 960 1072 1043 major
1100 960 1263 1034 lauS,
1299 969 1549 1042 quanto
1582 959 1652 1021 in
1684 958 1858 1022 mala
1891 958 2041 1040 plus
2089 959 2324 1040 culpae
2369 969 2491 1023 est.

405 1063 567 1128 Sors
621 1074 1017 1147 quaesturae
1070 1063 1482 1145 provinciam
1527 1062 1787 1138 Asiam,
1835 1062 2304 1143 proconsulem
2360 1062 2499 1126 Sal-

402 1168 582 1231 vium
635 1168 978 1235 Titianum
1037 1168 1266 1244 dedit;
1333 1186 1614 1250 quorum
1668 1176 1908 1230 neutro
1962 1175 2315 1248 corruptus
2371 1176 2493 1242 est,

402 1262 793 1354 quamquam
824 1281 894 1336 et
936 1263 1279 1353 provincia
1320 1271 1509 1334 dives
1546 1290 1623 1333 ac
1665 1278 1895 1351 parata
1938 1270 2391 1350 peccantibuS,
2427 1280 2496 1334 et

288 1405 334 1432 ιο
402 1373 777 1455 proconsul,
841 1374 910 1436 in
972 1394 1241 1438 omnem
1301 1374 1688 1438 aviditatem
1749 1392 2019 1454 pronus,
2083 1372 2495 1455 quantalibet

400 1474 719 1541 facilitate
771 1478 1237 1559 redempturus
1290 1486 1474 1541 esset
1535 1485 1832 1539 mutuam
1895 1475 2494 1540 dissimulationem

402 1580 572 1644 mali.
666 1580 935 1644 Auctus
967 1591 1072 1645 est
1114 1580 1204 1644 ibi
1251 1580 1389 1644 filia
1439 1581 1509 1644 in
1557 1580 1926 1644 subsidium
1974 1579 2171 1642 simul
2218 1588 2287 1643 et
2333 1579 2497 1643 sola-

402 1684 614 1760 cium3
668 1704 822 1748 narn
877 1684 1085 1747 filiurn
1137 1694 1296 1749 ante
1357 1684 1695 1748 sublatum
1748 1684 1934 1748 brevi
1986 1683 2225 1748 amisit.
2332 1684 2496 1748 Mox

402 1786 577 1851 inter
634 1796 1056 1870 quaesturam
1118 1808 1194 1851 ac
1248 1788 1661 1852 tribunatum
1722 1788 1935 1870 plebis
1997 1797 2199 1869 atque
2274 1787 2492 1869 ipsum

285 1915 331 1952 ιε,
401 1889 601 1954 etiam
647 1891 1024 1955 tribunatus
1069 1911 1320 1954 annum
1363 1892 1589 1974 quiete
1630 1901 1700 1955 et
1741 1892 1879 1955 otio
1922 1891 2203 1969 transiit,
2244 1912 2495 1974 gnarus
2547 1922 2553 1928 ·
2630 1898 2643 1911 ⁸

400 1993 525 2058 sub
558 1996 830 2059 Nerone
861 2004 1256 2077 temporum,
1291 1994 1532 2078 quibus
1564 1995 1805 2059 inertia
1834 2015 1955 2077 pro
1987 1995 2318 2078 sapientia
2343 1993 2488 2060 fuit.

402 2099 588 2162 Idem
620 2108 969 2182 praeturae
1014 2108 1211 2162 tenor
1256 2108 1324 2163 et
1371 2098 1751 2177 silentium;
1798 2119 1924 2164 nec
1971 2101 2150 2164 enim
2195 2100 2496 2184 jurisdic-

399 2203 492 2266 tio
524 2205 903 2269 obvenerat.
1002 2204 1230 2267 Ludos
1262 2214 1331 2268 et
1362 2204 1588 2267 inania
1627 2205 1901 2268 honoris
1948 2205 2166 2270 medio
2215 2194 2493 2269 rationis

397 2317 597 2390 atque
628 2306 1076 2372 abundantiae
1113 2308 1319 2382 duxit,
1354 2307 1453 2371 uti
1499 2308 1701 2390 longe
1746 2329 1786 2371 a
1830 2308 2104 2386 luxuria,
2139 2309 2234 2372 ita
2275 2306 2494 2372 famae

279 2435 331 2462 20
398 2411 680 2493 propior.
789 2412 966 2475 Tum
1004 2411 1260 2475 electus
1298 2432 1339 2475 a
1369 2411 1585 2475 Galba
1620 2412 1704 2475 ad
1741 2412 1919 2475 dona
1958 2412 2359 2494 templorum
2397 2432 2494 2475 re-

398 2516 883 2597 cognoscenda,
917 2514 1432 2597 diligentissima
1462 2514 1954 2597 conquisitione
1984 2513 2164 2590 fecit,
2189 2535 2274 2579 ne
2300 2515 2493 2598 cujus

397 2618 669 2682 alterius
702 2618 1121 2700 sacrilegium
1154 2618 1533 2699 respublica
1564 2639 1761 2701 quam
1797 2619 2089 2683 Neronis
2122 2619 2465 2684 sensisset.

482 2740 601 2785 vn.
669 2721 976 2803 Sequens
1022 2741 1240 2785 annus
1286 2721 1472 2804 gravi
1517 2722 1796 2786 vulnere
1849 2723 2144 2786 animum
2198 2724 2494 2786 domum-

396 2844 525 2907 que
556 2825 703 2906 ejus
734 2824 982 2889 afflixit.
1080 2826 1254 2889 Nam
1288 2825 1521 2889 classis
1556 2825 1962 2902 Othoniana,
1997 2827 2280 2890 licenter
2301 2846 2488 2908 vaga,

278 2951 327 2987 2⁵
395 2931 553 2992 dum
588 2930 976 2993 Intemelios
1016 2930 1356 3012 (Liguriae
1389 2951 1541 3012 pars
1575 2932 1704 3014 est)
1742 2931 2077 2995 hostiliter
2113 2931 2486 3012 populatur,

396 3042 676 3097 matrem
706 3033 1070 3116 Agricolae
1101 3035 1170 3096 in
1203 3035 1491 3116 praediis
1525 3035 1664 3098 suis
1697 3033 2053 3109 interfecit,
2090 3034 2492 3117 praediaque

394 3136 539 3218 ipsa
569 3146 638 3200 et
670 3157 980 3220 magnam
1013 3137 1397 3219 patrimonii
1444 3147 1703 3219 partem
1749 3137 2037 3219 diripuit,
2074 3157 2243 3219 quae
2290 3158 2492 3201 causa
2533 3121 2538 3124 ’

395 3241 616 3304 caedis
668 3238 902 3305 fuerat.
1022 3241 1238 3323 Igitur
1290 3242 1373 3304 ad
1430 3240 1779 3304 sollemnia
1831 3240 2113 3322 pietatis
2148 3237 2492 3321 profectus

392 3344 731 3427 Agricola,
779 3344 1015 3408 nuntio
1065 3341 1364 3409 affectati
1411 3364 1451 3408 a
1490 3343 1910 3426 Vespasiano
1957 3343 2218 3425 imperii
2262 3344 2494 3426 depre-

276 3471 326 3508 30
393 3449 644 3511 hensus
698 3468 776 3512 ac
838 3449 1064 3512 statim
1127 3447 1196 3510 in
1258 3457 1484 3529 partes
1545 3435 2008 3529 transgressus
2071 3456 2191 3512 est.
2289 3448 2493 3511 Initia

392 3551 803 3634 principatus
849 3571 928 3615 ac
975 3560 1225 3616 statum
1272 3551 1456 3614 urbis
1505 3550 1861 3614 Mucianus
1907 3552 2201 3633 regebat,
2242 3550 2491 3634 juvene

391 3655 744 3719 admodum
776 3654 1164 3719 Domitiano
1197 3664 1266 3719 et
1298 3674 1380 3718 ex
1411 3637 1692 3736 paterna
1713 3651 1984 3718 fortuna
2006 3663 2268 3718 tantum
2293 3654 2495 3718 licen-

392 3758 552 3822 tiam
585 3767 967 3840 usurpante.
1065 3751 1133 3821 Is
1166 3757 1445 3821 missum
1476 3758 1560 3822 ad
1601 3757 1904 3821 delectus
1949 3759 2247 3839 agendos
2292 3757 2493 3839 Agri-

392 3861 604 3925 colam
630 3862 1026 3945 integreque
1050 3881 1126 3925 ac
1152 3871 1429 3926 strenue
1451 3871 1808 3936 versatum,
1836 3861 2191 3925 vicesimae
2215 3860 2486 3942 legioni,

275 3985 325 4027 ³⁵
392 3966 581 4029 tarde
645 3966 730 4030 ad
796 3975 1287 4031 sacramentum
1354 3974 1833 4049 transgressae,
1904 3963 2305 4046 praeposuit,
2374 3964 2489 4029 ubi
