2769 4332
377 1050 660 1142 THE
742 1051 1052 1143 LIFE
1139 1051 1315 1144 OF
1402 1051 2130 1147 AGRICOLA.

1114 1314 1391 1351 —.··00—
1465 1312 1550 1371 κερ

1254 1422 1281 1451 «ν
1330 1346 1373 1417 δὲ

288 1531 329 1576 1.
398 1510 805 1576 CLARORUM
857 1511 1149 1575 virorum
1202 1474 1382 1599 facta
1430 1532 1783 1595 moresque
1836 1513 2123 1595 posteris
2178 1523 2301 1578 tra-

198 1616 377 1689 dere,
410 1615 779 1697 antiquitus
812 1615 1151 1689 usitatum,
1187 1634 1274 1679 ne
1306 1615 1556 1680 nostris
1589 1616 1855 1699 quidem
1889 1618 2299 1699 temporibus

199 1738 599 1802 quamquam
676 1718 1011 1782 incuriosa
1085 1738 1355 1782 suorum
1426 1729 1609 1782 aetas
1677 1719 1919 1797 omisit,
1991 1721 2300 1803 quotiens

197 1842 443 1904 magna
483 1821 702 1904 aliqua
742 1843 819 1886 ac
862 1821 1104 1886 nobilis
1147 1821 1358 1886 virtus
1400 1822 1563 1886 vicit
1603 1843 1681 1887 ac
1724 1844 2156 1907 supergressa
2196 1834 2301 1889 est

196 1926 434 1989 vitium
477 1926 697 2008 parvis
737 1926 1131 2009 magnisque
1166 1925 1548 1990 civitatibus
1588 1947 1961 2006 commune,
1998 1927 2302 2010 ignoran-

197 2029 360 2093 tiam
393 2029 560 2092 recti
592 2039 662 2092 et
693 2028 1025 2094 invidiam.
1106 2029 1241 2094 Sed
1274 2031 1450 2112 apud
1483 2030 1738 2112 priores
1771 2041 1845 2095 ut
1876 2052 2076 2114 agere
2099 2032 2302 2115 digna

197 2142 572 2197 memoratu
603 2153 889 2215 pronum
927 2133 1274 2217 magisque
1313 2133 1382 2197 in
1421 2143 1652 2216 aperto
1691 2142 1850 2212 erat,
1886 2134 1979 2198 ita
2015 2133 2302 2200 celeber-

198 2238 407 2301 rimus
440 2238 719 2320 quisque
751 2237 1023 2321 ingenio
1056 2239 1138 2301 ad
1163 2239 1575 2320 prodendam
1600 2238 1866 2303 virtutis
1890 2239 2295 2317 memoriam,

198 2341 349 2405 sine
401 2340 615 2423 gratia
667 2350 783 2404 aut
832 2342 1215 2420 ambitione,
1266 2342 1485 2406 bonae
1534 2351 1797 2405 tanturn
1848 2342 2300 2407 conscientiae

198 2445 416 2526 pretio
448 2445 833 2510 ducebatur.
927 2446 1038 2510 Ac
1070 2445 1370 2529 plerique
1405 2467 1593 2510 suam
1629 2446 1756 2528 ipsi
1786 2446 1989 2510 vitam
2032 2468 2302 2512 narrare

199 2548 511 2611 fiduciam
536 2549 760 2630 potius
786 2569 1045 2612 morum
1094 2570 1292 2632 quarn
1318 2550 1766 2632 arrogantiam
1791 2550 2091 2614 arbitrati
2122 2561 2297 2627 sunt,

201 2672 328 2715 nec
378 2651 444 2714 id
495 2651 751 2714 Rutilio
800 2661 867 2715 et
914 2653 1165 2716 Scauro
1213 2653 1381 2716 citra
1427 2654 1628 2716 fidem
1671 2662 1787 2716 aut
1829 2653 2301 2718 obtrectationi

140 2837 145 2842 ἢ
199 2751 366 2832 fuit3
414 2755 580 2818 adeo
613 2755 897 2819 virtutes
931 2756 1168 2820 iisdem
1202 2756 1617 2838 temporibus
1655 2757 1908 2838 optime
1953 2758 2303 2821 aestiman-

201 2867 326 2933 tur,
392 2857 633 2940 quibus
692 2848 1009 2922 facillime
1069 2859 1457 2942 gignuntur.
1552 2859 1654 2923 At
1715 2881 1895 2924 nunc
1955 2870 2300 2924 narraturo

201 2961 363 3023 mihi
394 2961 599 3024 vitam
631 2958 933 3025 defuncti
966 2962 1274 3039 hominiS,
1302 2962 1501 3026 venia
1531 2983 1699 3044 opus
1730 2960 1895 3041 fuit3
1942 2984 2138 3046 quam
2165 2985 2301 3026 non

201 3064 522 3145 petissem
577 3064 1004 3128 incusaturus
1065 3075 1202 3129 tam
1265 3086 1466 3129 saeva
1518 3074 1588 3129 et
1645 3063 1893 3130 infesta
1942 3066 2301 3131 virtutibus

201 3176 520 3249 tempora.

288 3290 358 3336 11.
427 3271 767 3354 LegimuS,
806 3292 958 3335 cum
1000 3271 1307 3336 Aruleno
1358 3272 1642 3336 Rustico
1692 3272 1934 3350 Paetus
1980 3273 2298 3350 Thrasea,

203 3374 554 3439 Herennio
604 3374 966 3439 Senecioni
1015 3375 1279 3439 Priscus
1336 3375 1695 3440 Helvidius
1748 3374 1997 3439 laudati
2050 3385 2297 3453 essent,

200 3477 483 3559 capitale
527 3475 778 3556 fuisse3
832 3499 1053 3561 neque
1099 3478 1168 3541 in
1215 3478 1398 3561 ipsos
1445 3480 1643 3542 modo
1691 3489 2016 3555 auctores,
2068 3480 2185 3543 sed
2231 3479 2301 3542 in

198 3578 402 3644 libros
450 3602 715 3664 quoque
761 3602 992 3645 eorum
1041 3582 1386 3659 saevitum,
1433 3581 1742 3664 delegato
1785 3581 2146 3645 triumviris
2188 3581 2303 3644 mi-

199 3683 494 3762 nisteri0‚
554 3694 630 3748 ut
690 3694 1129 3748 monumenta
1182 3684 1700 3749 clarissimorum
1755 3685 2174 3768 ingeniorum
2231 3685 2302 3748 in

198 3789 469 3851 comitio
531 3808 609 3852 ac
661 3784 807 3850 foro
870 3798 1240 3852 urerentur.
1340 3787 1616 3852 Scilicet
1676 3787 1788 3851 illo
1850 3789 2007 3871 igne
2064 3808 2301 3851 vocem

195 3891 424 3973 populi
483 3890 776 3954 Romani
831 3900 899 3954 et
952 3891 1331 3955 libertatem
1380 3901 1655 3955 senatus
1703 3901 1773 3955 et
1819 3890 2301 3955 conscientiam

2372 2483 2419 2511 10

2373 2995 2419 3034 15

2370 3506 2421 3534 20

196 3994 468 4078 generis
505 3994 783 4059 humani
827 3993 1078 4061 aboleri
1125 3995 1636 4071 arbitrabantur,
1687 3992 1980 4078 expulsis
2026 3992 2305 4078 insuper
2368 4024 2421 4066 25

1926 4124 1951 4164 1
