2769 4332
275 1371 325 1399 10

280 1887 329 1926 15

408 231 486 277 10
525 258 528 261 ,
1039 215 1102 277 Τ
1091 215 1174 278 lte
1216 216 1376 298 Life
1420 218 1504 299 qs
1532 217 1864 300 Agricola.

398 412 709 495 impetuS,
773 414 1093 497 majorem
1171 416 1621 481 constantiam
1695 438 1903 500 penes
1979 420 2258 485 miseros
2322 443 2490 488 esse.
2575 492 2580 496 ,

396 516 544 597 Jam
602 504 1075 581 Britannorum
1129 519 1333 582 etiarn
1389 521 1549 583 deos
1597 521 1915 599 misereri,
1951 524 2063 605 qui
2112 525 2517 589 Romanum·
2578 525 2583 529 ’

394 620 633 683 ducem
666 621 1036 698 absentem,
1071 622 1183 703 qui
1215 622 1585 704 relegatum
1620 623 1688 686 in
1720 624 1848 687 alia
1878 625 2096 689 insula
2126 627 2491 691 exercitum

395 724 777 810 detinerent
808 745 822 800 3
871 723 1005 806 jam
1040 724 1240 806 ipsos,
1276 727 1453 808 quod
1491 726 1951 791 difficillimum
1994 727 2215 807 fuerit,
2250 731 2495 795 delibe-

394 847 555 891 rare.
652 828 854 890 Porro
889 827 956 889 in
990 827 1319 910 ejusmodi
1366 829 1664 893 consiliis
1710 829 2146 911 periculosius
2194 851 2345 896 esse
2381 822 2495 919 de-

392 930 734 1010 prehendi,
769 950 965 1012 quam
1010 932 1270 996 audere.

472 1052 611 1098 XVI.
680 1033 813 1096 His
868 1042 1076 1115 atque
1125 1032 1370 1096 talibus
1422 1032 1712 1097 invicem
1761 1033 2083 1112 instincti,
2145 1034 2477 1099 Boadicea

387 1137 656 1220 generis
703 1136 870 1218 regii
918 1133 1172 1199 femina
1238 1137 1409 1200 duce
1462 1137 1705 1218 (neque
1751 1137 1930 1201 enirn
1978 1158 2209 1203 sexum
2255 1138 2324 1200 in
2373 1139 2488 1200 im-

389 1240 589 1323 periis
621 1240 1038 1322 discernunt)
1069 1259 1416 1321 sumpsere
1448 1240 1743 1304 universi
1774 1241 2019 1305 bellum
2046 1263 2061 1319 ;
2108 1262 2185 1306 ac
2219 1262 2486 1322 sparsos

390 1365 510 1427 per
563 1343 838 1408 castella
897 1342 1146 1406 milites
1207 1344 1598 1419 consectati,
1657 1345 2055 1427 expugnatis
2116 1345 2483 1427 praesidiis,

391 1448 602 1529 ipsam
663 1446 994 1510 coloniam
1056 1446 1362 1510 invasere
1424 1456 1498 1510 ut
1560 1449 1791 1510 sedem
1854 1440 2211 1513 servitutis,
2338 1449 2486 1512 Nec

392 1551 598 1619 ullum
630 1550 700 1612 in
732 1549 1026 1613 barbaris
1073 1549 1390 1614 saevitiae
1435 1569 1650 1632 genus
1696 1550 1919 1614 omisit
1956 1551 2053 1614 ira
2084 1561 2151 1615 et
2190 1551 2481 1616 victoria.
2548 1557 2555 1569 '

396 1654 595 1735 Quod
642 1652 770 1716 nisi
819 1652 1152 1726 PaulinuS,
1203 1654 1477 1735 cognito
1523 1653 1904 1734 provinciae
1949 1663 2154 1728 motu,
2204 1674 2487 1737 propere

394 1756 837 1831 subvenisset,
873 1756 1118 1819 amissa
1150 1756 1497 1819 Britannia
1525 1753 1739 1833 foret3
1785 1777 1981 1839 quarn
2014 1757 2212 1820 unius
2254 1758 2487 1838 proelii

393 1857 665 1924 fortuna
693 1859 907 1923 veteri
950 1859 1312 1940 patientiae
1356 1859 1667 1934 restituit,
1705 1860 2092 1924 tenentibus
2134 1881 2317 1924 arma
2357 1862 2491 1943 ple-

396 1965 635 2045 risque,
673 1983 839 2044 quos
873 1962 1286 2026 conscientia
1315 1959 1715 2026 defectionis
1748 1973 1816 2027 et
1848 1964 2120 2045 propius
2153 1984 2235 2028 ex
2265 1965 2488 2047 legato

396 2068 598 2131 timor
648 2066 961 2148 agitabat,
1028 2086 1115 2130 ne
1190 2086 1589 2149 quamquam
1651 2054 1961 2149 egregius
2023 2077 2251 2132 cetera
2321 2089 2492 2132 arro-

396 2182 635 2255 ganter
686 2172 757 2235 in
806 2170 1069 2234 deditos
1123 2180 1210 2247 et,
1264 2180 1339 2235 ut
1384 2191 1543 2235 suae
1594 2169 1919 2254 cujusque
1968 2172 2251 2255 injuriae
2294 2173 2486 2251 ultor,

396 2276 627 2341 durius
659 2274 1057 2340 consuleret.
1157 2273 1411 2338 Missus
1443 2274 1648 2356 igitur
1680 2275 2030 2339 Petronius
2062 2276 2490 2358 Turpilianus

397 2389 735 2462 tamquam
781 2377 1175 2442 exorabilior
1196 2397 1212 2454 3
1259 2387 1328 2441 et
1371 2377 1635 2441 delictis
1680 2378 1973 2442 hostiurn
2020 2399 2233 2443 novus
2280 2400 2493 2462 eoque

400 2482 854 2567 paenitentiae
894 2480 1162 2556 -mitior,
1228 2480 1619 2561 compositis
1682 2481 2011 2562 prioribus
2095 2482 2259 2545 nihil
2321 2483 2494 2546 ultra

310 2663 315 2668 .
399 2607 600 2651 ausus
638 2584 975 2649 Trebellio
1027 2581 1322 2646 Maximo
1364 2583 1773 2665 provinciam
1821 2584 2108 2650 tradidit.
2224 2586 2495 2649 Trebel-

285 2923 334 2961 25

273 3415 339 3479 33)

288 3956 340 3997 3⁵

399 2690 528 2753 lius
576 2689 846 2771 segnior
891 2695 960 2751 et
1003 2686 1617 2770 nullis-castrorum
1656 2687 2131 2769 experimentis
2178 2690 2494 2753 comitate

401 2793 684 2876 quadam
732 2789 1006 2855 curandi
1050 2789 1459 2873 provinciam
1506 2790 1740 2854 tenuit.
1837 2791 2152 2873 Doidicere
2188 2791 2323 2874 jam
2357 2794 2498 2856 bar-

401 2896 542 2960 bari
568 2913 829 2978 quoque
863 2894 1214 2975 ignoscere
1238 2892 1419 2956 vitiis
1443 2892 1958 2969 blandientibuS,
1984 2903 2051 2957 et
2076 2895 2495 2959 interventus

402 2999 694 3063 civilium
756 3017 1090 3061 armorum
1159 2996 1466 3078 praebuit
1531 2996 1781 3078 justam
1843 2997 2171 3079 segnitiae
2232 3019 2499 3062 excusa-

402 3095 672 3166 tionem}
769 3101 906 3165 Sed
951 3100 1282 3189 discordia
1325 3099 1715 3175 laboratum,
1753 3119 1903 3162 cum
1950 3109 2260 3164 assuetus
2308 3122 2499 3183 expc-

403 3205 768 3269 ditionibus
830 3204 1023 3268 miles
1084 3204 1222 3267 otio
1289 3202 1645 3266 lasciviret.
1764 3203 2142 3266 Trebellius
2202 3201 2363 3286 fuga
2422 3226 2498 3269 ac

403 3309 675 3374 latebris
721 3308 932 3372 vitata
985 3307 1318 3371 exercitus
1373 3306 1488 3382 ira,
1547 3306 1900 3368 indecorus
1955 3316 2155 3389 atque
2209 3308 2496 3383 humilis,

402 3413 698 3496 precario
732 3432 886 3475 mox
916 3408 1219 3493 praefuit,
1243 3430 1319 3474 ac
1343 3409 1529 3473 velut
1560 3408 1755 3491 pacti,
1782 3410 2113 3473 exercitus
2137 3410 2497 3489 licentiam,

402 3518 536 3580 dux
568 3517 892 3591 salutem;
938 3523 1008 3577 et
1040 3513 1280 3577 seditio
1314 3512 1461 3576 sine
1494 3512 1821 3594 sanguine
1860 3513 2065 3577 stetit.
2163 3514 2311 3578 Nee
2341 3515 2504 3578 Vet-

402 3619 538 3683 tius
571 3619 885 3693 BolanuS,
921 3616 1350 3680 manentibus
1382 3616 1600 3679 adhuc
1639 3615 1944 3679 civilibus
1976 3616 2188 3691 bellis,
2225 3617 2502 3699 agitavit

404 3722 821 3787 Britanniam
845 3720 1233 3802 disciplina:
1266 3719 1499 3782 eadem
1531 3718 1772 3782 inertia
1803 3738 1962 3801 erga
1993 3722 2257 3804 hostes&
2267 3721 2502 3786 similis

403 3826 777 3909 petulantia
828 3834 1198 3889 castrorum
1221 3842 1235 3898 ;
1303 3822 1432 3886 nisi
1486 3824 1663 3905 quod
1717 3823 2043 3887 innocens
2092 3824 2387 3888 Bolanus
2435 3837 2503 3891 et

405 3929 607 3994 nullis
648 3929 911 3995 delictis
955 3926 1210 4016 invisus
1265 3926 1611 4018 caritatem
1650 3937 1997 4009 paraverat
2034 3927 2183 3991 loco
2225 3930 2506 3992 auctori-

406 4033 583 4097 tatis.
1031 4033 1056 4058 ’·
1240 4041 1249 4053 “
1332 4041 1339 4052 “
1410 4039 1420 4050 “
