<?xml version="1.0" encoding="UTF-8"?>
<!DOCTYPE html PUBLIC "-//W3C//DTD XHTML 1.0 Transitional//EN"
    "http://www.w3.org/TR/xhtml1/DTD/xhtml1-transitional.dtd">
<html xmlns="http://www.w3.org/1999/xhtml" xml:lang="en" lang="en">
 <head>
  <title>
</title>
<meta http-equiv="Content-Type" content="text/html;charset=utf-8" />
  <meta name='ocr-system' content='tesseract 3.04.00' />
  <meta name='ocr-capabilities' content='ocr_page ocr_carea ocr_par ocr_line ocrx_word'/>
</head>
<body>
  <div class='ocr_page' id='page_1' title='image "./pcornelitacitiv00allegoog_0014.png"; bbox 0 0 2769 4332; ppageno 0'>
   <div class='ocr_carea' id='block_1_1' title="bbox 418 258 1871 343">
    <p class='ocr_par' dir='ltr' id='par_1_1' title="bbox 418 258 1871 343">
     <span class='ocr_line' id='line_1_1' title="bbox 418 258 1871 343; baseline -0.003 -18"><span class='ocrx_word' id='word_1_1' title='bbox 418 279 457 325; x_wconf 91' lang='lat'>2</span> <span class='ocrx_word' id='word_1_2' title='bbox 1064 259 1195 322; x_wconf 68' lang='lat' dir='ltr'><strong>The</strong></span> <span class='ocrx_word' id='word_1_3' title='bbox 1237 259 1396 343; x_wconf 56' lang='lat' dir='ltr'><strong>Life</strong></span> <span class='ocrx_word' id='word_1_4' title='bbox 1437 258 1520 342; x_wconf 59' lang='lat' dir='ltr'><strong>(ff</strong></span> <span class='ocrx_word' id='word_1_5' title='bbox 1546 258 1871 343; x_wconf 82' lang='lat' dir='ltr'><em>Agricola.</em></span> 
     </span>
    </p>
   </div>
   <div class='ocr_carea' id='block_1_2' title="bbox 286 447 2530 3517">
    <p class='ocr_par' dir='ltr' id='par_1_2' title="bbox 286 447 2530 3517">
     <span class='ocr_line' id='line_1_2' title="bbox 417 447 2511 533; baseline -0 -18"><span class='ocrx_word' id='word_1_6' title='bbox 417 449 784 533; x_wconf 84' lang='lat' dir='ltr'><strong>sapientiae</strong></span> <span class='ocrx_word' id='word_1_7' title='bbox 807 448 1298 533; x_wconf 84' lang='lat' dir='ltr'><strong>professoribus</strong></span> <span class='ocrx_word' id='word_1_8' title='bbox 1322 457 1523 531; x_wconf 79' lang='lat' dir='ltr'><strong>atque</strong></span> <span class='ocrx_word' id='word_1_9' title='bbox 1546 449 1729 513; x_wconf 92' lang='lat' dir='ltr'><strong>omni</strong></span> <span class='ocrx_word' id='word_1_10' title='bbox 1753 449 1931 513; x_wconf 88' lang='lat' dir='ltr'><strong>bona</strong></span> <span class='ocrx_word' id='word_1_11' title='bbox 1952 458 2096 513; x_wconf 89' lang='lat' dir='ltr'><strong>arte</strong></span> <span class='ocrx_word' id='word_1_12' title='bbox 2114 448 2184 512; x_wconf 93' lang='lat' dir='ltr'><strong>in</strong></span> <span class='ocrx_word' id='word_1_13' title='bbox 2206 447 2511 514; x_wconf 87' lang='lat' dir='ltr'><strong>exsilium</strong></span> 
     </span>
     <span class='ocr_line' id='line_1_3' title="bbox 416 554 2512 638; baseline 0 -20"><span class='ocrx_word' id='word_1_14' title='bbox 416 564 580 632; x_wconf 90' lang='lat' dir='ltr'><strong>acta,</strong></span> <span class='ocrx_word' id='word_1_15' title='bbox 619 576 706 618; x_wconf 88' lang='lat' dir='ltr'><strong>ne</strong></span> <span class='ocrx_word' id='word_1_16' title='bbox 751 555 925 638; x_wconf 93' lang='lat' dir='ltr'><strong>quid</strong></span> <span class='ocrx_word' id='word_1_17' title='bbox 955 574 1231 636; x_wconf 83' lang='lat' dir='ltr'><strong>usquam</strong></span> <span class='ocrx_word' id='word_1_18' title='bbox 1280 554 1640 617; x_wconf 91' lang='lat' dir='ltr'><strong>honesturn</strong></span> <span class='ocrx_word' id='word_1_19' title='bbox 1688 563 2085 618; x_wconf 87' lang='lat' dir='ltr'><strong>occurreret.</strong></span> <span class='ocrx_word' id='word_1_20' title='bbox 2181 554 2512 618; x_wconf 87' lang='lat' dir='ltr'><strong>Dedimus</strong></span> 
     </span>
     <span class='ocr_line' id='line_1_4' title="bbox 416 656 2511 741; baseline 0 -20"><span class='ocrx_word' id='word_1_21' title='bbox 416 656 716 741; x_wconf 83' lang='lat' dir='ltr'><strong>profecto</strong></span> <span class='ocrx_word' id='word_1_22' title='bbox 749 659 1000 740; x_wconf 84' lang='lat' dir='ltr'><strong>grande</strong></span> <span class='ocrx_word' id='word_1_23' title='bbox 1032 657 1395 739; x_wconf 89' lang='lat' dir='ltr'><strong>patientiae</strong></span> <span class='ocrx_word' id='word_1_24' title='bbox 1427 659 1942 735; x_wconf 87' lang='lat' dir='ltr'><strong>documentum;</strong></span> <span class='ocrx_word' id='word_1_25' title='bbox 1990 666 2059 721; x_wconf 93' lang='lat' dir='ltr'><strong>et</strong></span> <span class='ocrx_word' id='word_1_26' title='bbox 2105 657 2278 721; x_wconf 89' lang='lat' dir='ltr'><strong>sicut</strong></span> <span class='ocrx_word' id='word_1_27' title='bbox 2313 668 2511 722; x_wconf 91' lang='lat' dir='ltr'><strong>vetus</strong></span> 
     </span>
     <span class='ocr_line' id='line_1_5' title="bbox 416 760 2511 844; baseline -0.001 -18"><span class='ocrx_word' id='word_1_28' title='bbox 416 772 600 826; x_wconf 89' lang='lat' dir='ltr'><strong>aetas</strong></span> <span class='ocrx_word' id='word_1_29' title='bbox 631 762 798 825; x_wconf 87' lang='lat' dir='ltr'><strong>vidit</strong></span> <span class='ocrx_word' id='word_1_30' title='bbox 828 761 985 844; x_wconf 92' lang='lat' dir='ltr'><strong>quid</strong></span> <span class='ocrx_word' id='word_1_31' title='bbox 1018 760 1324 824; x_wconf 90' lang='lat' dir='ltr'><strong>ultimum</strong></span> <span class='ocrx_word' id='word_1_32' title='bbox 1363 761 1431 824; x_wconf 93' lang='lat' dir='ltr'><strong>in</strong></span> <span class='ocrx_word' id='word_1_33' title='bbox 1471 761 1780 825; x_wconf 88' lang='lat' dir='ltr'><strong>libertate</strong></span> <span class='ocrx_word' id='word_1_34' title='bbox 1824 771 2021 839; x_wconf 90' lang='lat' dir='ltr'><strong>esset,</strong></span> <span class='ocrx_word' id='word_1_35' title='bbox 2057 762 2151 824; x_wconf 92' lang='lat' dir='ltr'><strong>ita</strong></span> <span class='ocrx_word' id='word_1_36' title='bbox 2190 782 2316 824; x_wconf 92' lang='lat' dir='ltr'><strong>nos</strong></span> <span class='ocrx_word' id='word_1_37' title='bbox 2353 761 2511 844; x_wconf 93' lang='lat' dir='ltr'><strong>quid</strong></span> 
     </span>
     <span class='ocr_line' id='line_1_6' title="bbox 301 863 2512 947; baseline 0.001 -22"><span class='ocrx_word' id='word_1_38' title='bbox 301 886 325 925; x_wconf 83' lang='lat' dir='ltr'><strong>s</strong></span> <span class='ocrx_word' id='word_1_39' title='bbox 417 865 486 928; x_wconf 93' lang='lat' dir='ltr'><strong>in</strong></span> <span class='ocrx_word' id='word_1_40' title='bbox 533 866 873 942; x_wconf 89' lang='lat' dir='ltr'><strong>servitute,</strong></span> <span class='ocrx_word' id='word_1_41' title='bbox 909 865 1221 946; x_wconf 89' lang='lat' dir='ltr'><strong>adempto</strong></span> <span class='ocrx_word' id='word_1_42' title='bbox 1268 885 1390 946; x_wconf 93' lang='lat' dir='ltr'><strong>per</strong></span> <span class='ocrx_word' id='word_1_43' title='bbox 1434 864 1899 946; x_wconf 87' lang='lat' dir='ltr'><strong>inquisitiones</strong></span> <span class='ocrx_word' id='word_1_44' title='bbox 1947 864 2148 928; x_wconf 90' lang='lat' dir='ltr'><strong>etiam</strong></span> <span class='ocrx_word' id='word_1_45' title='bbox 2193 863 2512 947; x_wconf 92' lang='lat' dir='ltr'><strong>loquendi</strong></span> 
     </span>
     <span class='ocr_line' id='line_1_7' title="bbox 416 968 2510 1052; baseline -0.001 -18"><span class='ocrx_word' id='word_1_46' title='bbox 416 969 861 1052; x_wconf 88' lang='lat' dir='ltr'><strong>audiendique</strong></span> <span class='ocrx_word' id='word_1_47' title='bbox 885 969 1301 1032; x_wconf 73' lang='lat' dir='ltr'><strong>commercio,</strong></span> <span class='ocrx_word' id='word_1_48' title='bbox 1399 968 1794 1031; x_wconf 88' lang='lat' dir='ltr'><strong>Memoriam</strong></span> <span class='ocrx_word' id='word_1_49' title='bbox 1820 989 2083 1051; x_wconf 93' lang='lat' dir='ltr'><strong>quoque</strong></span> <span class='ocrx_word' id='word_1_50' title='bbox 2115 969 2510 1051; x_wconf 87' lang='lat' dir='ltr'><strong>ipsamcum</strong></span> 
     </span>
     <span class='ocr_line' id='line_1_8' title="bbox 415 1071 2513 1155; baseline -0.001 -17"><span class='ocrx_word' id='word_1_51' title='bbox 415 1094 582 1138; x_wconf 87' lang='lat' dir='ltr'><strong>voce</strong></span> <span class='ocrx_word' id='word_1_52' title='bbox 634 1073 1173 1155; x_wconf 89' lang='lat' dir='ltr'><strong>perdidissemus,</strong></span> <span class='ocrx_word' id='word_1_53' title='bbox 1225 1071 1281 1134; x_wconf 90' lang='lat' dir='ltr'><strong>si</strong></span> <span class='ocrx_word' id='word_1_54' title='bbox 1334 1072 1595 1141; x_wconf 85' lang='lat' dir='ltr'><strong>tamin</strong></span> <span class='ocrx_word' id='word_1_55' title='bbox 1649 1082 1880 1136; x_wconf 90' lang='lat' dir='ltr'><strong>nostra</strong></span> <span class='ocrx_word' id='word_1_56' title='bbox 1930 1082 2269 1154; x_wconf 85' lang='lat' dir='ltr'><strong>potestate</strong></span> <span class='ocrx_word' id='word_1_57' title='bbox 2330 1081 2513 1136; x_wconf 88' lang='lat' dir='ltr'><strong>esset</strong></span> 
     </span>
     <span class='ocr_line' id='line_1_9' title="bbox 407 1174 2515 1262; baseline 0.001 -19"><span class='ocrx_word' id='word_1_58' title='bbox 407 1174 717 1244; x_wconf 43' lang='lat' dir='ltr'><strong>‘oblivisci</strong></span> <span class='ocrx_word' id='word_1_59' title='bbox 752 1201 948 1262; x_wconf 87' lang='lat' dir='ltr'><strong>quam</strong></span> <span class='ocrx_word' id='word_1_60' title='bbox 975 1188 1214 1244; x_wconf 91' lang='lat' dir='ltr'><strong>tacere.</strong></span> <span class='ocrx_word' id='word_1_61' title='bbox 1311 1197 1410 1244; x_wconf 92' lang='lat'>111.</span> <span class='ocrx_word' id='word_1_62' title='bbox 1484 1179 1684 1242; x_wconf 94' lang='lat' dir='ltr'><strong>Nunc</strong></span> <span class='ocrx_word' id='word_1_63' title='bbox 1717 1180 1986 1243; x_wconf 90' lang='lat' dir='ltr'><strong>demum</strong></span> <span class='ocrx_word' id='word_1_64' title='bbox 2010 1180 2184 1244; x_wconf 89' lang='lat' dir='ltr'><strong>redit</strong></span> <span class='ocrx_word' id='word_1_65' title='bbox 2215 1181 2515 1259; x_wconf 83' lang='lat' dir='ltr'><strong>animus;</strong></span> 
     </span>
     <span class='ocr_line' id='line_1_10' title="bbox 414 1282 2514 1366; baseline 0 -20"><span class='ocrx_word' id='word_1_66' title='bbox 414 1293 483 1346; x_wconf 92' lang='lat' dir='ltr'><strong>et</strong></span> <span class='ocrx_word' id='word_1_67' title='bbox 545 1303 940 1366; x_wconf 88' lang='lat' dir='ltr'><strong>quamquam</strong></span> <span class='ocrx_word' id='word_1_68' title='bbox 1017 1282 1230 1364; x_wconf 90' lang='lat' dir='ltr'><strong>primo</strong></span> <span class='ocrx_word' id='word_1_69' title='bbox 1307 1282 1535 1346; x_wconf 89' lang='lat' dir='ltr'><strong>statim</strong></span> <span class='ocrx_word' id='word_1_70' title='bbox 1611 1282 1983 1346; x_wconf 89' lang='lat' dir='ltr'><strong>beatissimi</strong></span> <span class='ocrx_word' id='word_1_71' title='bbox 2045 1282 2293 1363; x_wconf 81' lang='lat' dir='ltr'><strong>saeculi</strong></span> <span class='ocrx_word' id='word_1_72' title='bbox 2360 1293 2514 1346; x_wconf 92' lang='lat' dir='ltr'><strong>ortu</strong></span> 
     </span>
     <span class='ocr_line' id='line_1_11' title="bbox 298 1371 2514 1467; baseline 0.003 -25"><span class='ocrx_word' id='word_1_73' title='bbox 298 1371 349 1442; x_wconf 69' lang='grc' dir='ltr'><strong>ἕο</strong></span> <span class='ocrx_word' id='word_1_74' title='bbox 414 1386 642 1449; x_wconf 90' lang='lat' dir='ltr'><strong>Nerva</strong></span> <span class='ocrx_word' id='word_1_75' title='bbox 688 1385 937 1448; x_wconf 87' lang='lat' dir='ltr'><strong>Caesar</strong></span> <span class='ocrx_word' id='word_1_76' title='bbox 984 1405 1092 1448; x_wconf 90' lang='lat' dir='ltr'><strong>res</strong></span> <span class='ocrx_word' id='word_1_77' title='bbox 1144 1385 1302 1448; x_wconf 91' lang='lat' dir='ltr'><strong>olim</strong></span> <span class='ocrx_word' id='word_1_78' title='bbox 1353 1385 1811 1449; x_wconf 89' lang='lat' dir='ltr'><strong>dissociabiles</strong></span> <span class='ocrx_word' id='word_1_79' title='bbox 1862 1386 2226 1462; x_wconf 89' lang='lat' dir='ltr'><strong>miscuerit,</strong></span> <span class='ocrx_word' id='word_1_80' title='bbox 2274 1386 2514 1467; x_wconf 91' lang='lat' dir='ltr'><strong>princi·</strong></span> 
     </span>
     <span class='ocr_line' id='line_1_12' title="bbox 410 1486 2510 1578; baseline 0.001 -27"><span class='ocrx_word' id='word_1_81' title='bbox 410 1498 642 1571; x_wconf 90' lang='lat' dir='ltr'><strong>patum</strong></span> <span class='ocrx_word' id='word_1_82' title='bbox 715 1509 793 1552; x_wconf 91' lang='lat' dir='ltr'><strong>ac</strong></span> <span class='ocrx_word' id='word_1_83' title='bbox 860 1489 1260 1578; x_wconf 85' lang='lat' dir='ltr'><strong>libertatem,</strong></span> <span class='ocrx_word' id='word_1_84' title='bbox 1317 1495 1692 1571; x_wconf 80' lang='lat' dir='ltr'><strong>augeatque</strong></span> <span class='ocrx_word' id='word_1_85' title='bbox 1767 1489 2045 1553; x_wconf 89' lang='lat' dir='ltr'><strong>cottidie</strong></span> <span class='ocrx_word' id='word_1_86' title='bbox 2117 1486 2510 1554; x_wconf 83' lang='lat' dir='ltr'><strong>felicitatem</strong></span> 
     </span>
     <span class='ocr_line' id='line_1_13' title="bbox 411 1592 2509 1674; baseline 0.001 -19"><span class='ocrx_word' id='word_1_87' title='bbox 411 1601 789 1674; x_wconf 89' lang='lat' dir='ltr'><strong>temporum</strong></span> <span class='ocrx_word' id='word_1_88' title='bbox 837 1592 1063 1656; x_wconf 90' lang='lat' dir='ltr'><strong>Nerva</strong></span> <span class='ocrx_word' id='word_1_89' title='bbox 1115 1592 1467 1674; x_wconf 84' lang='lat' dir='ltr'><strong>TrajanuS,</strong></span> <span class='ocrx_word' id='word_1_90' title='bbox 1503 1612 1629 1656; x_wconf 91' lang='lat' dir='ltr'><strong>nec</strong></span> <span class='ocrx_word' id='word_1_91' title='bbox 1679 1612 1866 1674; x_wconf 90' lang='lat' dir='ltr'><strong>spem</strong></span> <span class='ocrx_word' id='word_1_92' title='bbox 1918 1593 2114 1656; x_wconf 90' lang='lat' dir='ltr'><strong>modo</strong></span> <span class='ocrx_word' id='word_1_93' title='bbox 2156 1613 2233 1656; x_wconf 92' lang='lat' dir='ltr'><strong>ac</strong></span> <span class='ocrx_word' id='word_1_94' title='bbox 2278 1603 2509 1657; x_wconf 89' lang='lat' dir='ltr'><strong>votum</strong></span> 
     </span>
     <span class='ocr_line' id='line_1_14' title="bbox 413 1694 2514 1777; baseline 0 -18"><span class='ocrx_word' id='word_1_95' title='bbox 413 1695 754 1759; x_wconf 87' lang='lat' dir='ltr'><strong>Securitas</strong></span> <span class='ocrx_word' id='word_1_96' title='bbox 814 1694 1097 1777; x_wconf 89' lang='lat' dir='ltr'><strong>publica,</strong></span> <span class='ocrx_word' id='word_1_97' title='bbox 1156 1696 1275 1759; x_wconf 90' lang='lat' dir='ltr'><strong>sed</strong></span> <span class='ocrx_word' id='word_1_98' title='bbox 1336 1695 1547 1777; x_wconf 89' lang='lat' dir='ltr'><strong>ipsius</strong></span> <span class='ocrx_word' id='word_1_99' title='bbox 1599 1695 1742 1759; x_wconf 90' lang='lat' dir='ltr'><strong>voti</strong></span> <span class='ocrx_word' id='word_1_100' title='bbox 1802 1696 2112 1759; x_wconf 90' lang='lat' dir='ltr'><strong>fiduciam</strong></span> <span class='ocrx_word' id='word_1_101' title='bbox 2173 1717 2252 1760; x_wconf 87' lang='lat' dir='ltr'><strong>ac</strong></span> <span class='ocrx_word' id='word_1_102' title='bbox 2310 1697 2514 1760; x_wconf 91' lang='lat' dir='ltr'><strong>robur</strong></span> 
     </span>
     <span class='ocr_line' id='line_1_15' title="bbox 410 1798 2515 1880; baseline 0 -18"><span class='ocrx_word' id='word_1_103' title='bbox 410 1800 887 1880; x_wconf 86' lang='lat' dir='ltr'><strong>assumpserit:</strong></span> <span class='ocrx_word' id='word_1_104' title='bbox 932 1808 1172 1862; x_wconf 87' lang='lat' dir='ltr'><strong>natura</strong></span> <span class='ocrx_word' id='word_1_105' title='bbox 1207 1808 1436 1862; x_wconf 90' lang='lat' dir='ltr'><strong>tamen</strong></span> <span class='ocrx_word' id='word_1_106' title='bbox 1474 1798 1894 1874; x_wconf 19' lang='lat' dir='ltr'><strong>‘infirmitatis</strong></span> <span class='ocrx_word' id='word_1_107' title='bbox 1940 1800 2268 1863; x_wconf 91' lang='lat' dir='ltr'><strong>humanae</strong></span> <span class='ocrx_word' id='word_1_108' title='bbox 2315 1800 2515 1863; x_wconf 91' lang='lat' dir='ltr'><strong>tardi-</strong></span> 
     </span>
     <span class='ocr_line' id='line_1_16' title="bbox 295 1901 2511 1985; baseline 0.002 -23"><span class='ocrx_word' id='word_1_109' title='bbox 295 1923 343 1962; x_wconf 73' lang='grc' dir='ltr'><strong>ιε</strong></span> <span class='ocrx_word' id='word_1_110' title='bbox 410 1923 526 1966; x_wconf 92' lang='lat' dir='ltr'><strong>ora</strong></span> <span class='ocrx_word' id='word_1_111' title='bbox 555 1911 715 1966; x_wconf 89' lang='lat' dir='ltr'><strong>sunt</strong></span> <span class='ocrx_word' id='word_1_112' title='bbox 744 1902 1038 1966; x_wconf 89' lang='lat' dir='ltr'><strong>remedia</strong></span> <span class='ocrx_word' id='word_1_113' title='bbox 1062 1923 1258 1985; x_wconf 87' lang='lat' dir='ltr'><strong>quam</strong></span> <span class='ocrx_word' id='word_1_114' title='bbox 1292 1901 1466 1965; x_wconf 88' lang='lat' dir='ltr'><strong>mala</strong></span> <span class='ocrx_word' id='word_1_115' title='bbox 1490 1923 1505 1980; x_wconf 90' lang='lat'>;</span> <span class='ocrx_word' id='word_1_116' title='bbox 1550 1911 1639 1979; x_wconf 90' lang='lat' dir='ltr'><strong>et,</strong></span> <span class='ocrx_word' id='word_1_117' title='bbox 1660 1912 1733 1965; x_wconf 94' lang='lat' dir='ltr'><strong>ut</strong></span> <span class='ocrx_word' id='word_1_118' title='bbox 1766 1923 2044 1985; x_wconf 93' lang='lat' dir='ltr'><strong>corpora</strong></span> <span class='ocrx_word' id='word_1_119' title='bbox 2068 1913 2298 1983; x_wconf 87' lang='lat' dir='ltr'><strong>nostra</strong></span> <span class='ocrx_word' id='word_1_120' title='bbox 2327 1902 2511 1967; x_wconf 88' lang='lat' dir='ltr'><strong>lente</strong></span> 
     </span>
     <span class='ocr_line' id='line_1_17' title="bbox 408 2005 2510 2090; baseline 0 -21"><span class='ocrx_word' id='word_1_121' title='bbox 408 2015 799 2088; x_wconf 87' lang='lat' dir='ltr'><strong>augescunt,</strong></span> <span class='ocrx_word' id='word_1_122' title='bbox 864 2005 999 2069; x_wconf 91' lang='lat' dir='ltr'><strong>cito</strong></span> <span class='ocrx_word' id='word_1_123' title='bbox 1062 2005 1601 2087; x_wconf 86' lang='lat' dir='ltr'><strong>exstinguuntur,</strong></span> <span class='ocrx_word' id='word_1_124' title='bbox 1666 2005 1763 2070; x_wconf 92' lang='lat' dir='ltr'><strong>sic</strong></span> <span class='ocrx_word' id='word_1_125' title='bbox 1824 2005 2096 2090; x_wconf 87' lang='lat' dir='ltr'><strong>ingenia</strong></span> <span class='ocrx_word' id='word_1_126' title='bbox 2156 2007 2510 2089; x_wconf 88' lang='lat' dir='ltr'><strong>studiaque</strong></span> 
     </span>
     <span class='ocr_line' id='line_1_18' title="bbox 407 2106 2530 2194; baseline 0.001 -21"><span class='ocrx_word' id='word_1_127' title='bbox 407 2108 821 2192; x_wconf 89' lang='lat' dir='ltr'><strong>oppresseris</strong></span> <span class='ocrx_word' id='word_1_128' title='bbox 883 2106 1146 2174; x_wconf 84' lang='lat' dir='ltr'><strong>facilius</strong></span> <span class='ocrx_word' id='word_1_129' title='bbox 1215 2130 1411 2193; x_wconf 86' lang='lat' dir='ltr'><strong>quam</strong></span> <span class='ocrx_word' id='word_1_130' title='bbox 1472 2109 1906 2175; x_wconf 73' lang='lat' dir='ltr'><strong>revocaveris,</strong></span> <span class='ocrx_word' id='word_1_131' title='bbox 2004 2110 2201 2175; x_wconf 90' lang='lat' dir='ltr'><strong>Subit</strong></span> <span class='ocrx_word' id='word_1_132' title='bbox 2263 2110 2530 2194; x_wconf 73' lang='lat' dir='ltr'><strong>quippe,</strong></span> 
     </span>
     <span class='ocr_line' id='line_1_19' title="bbox 409 2213 2513 2297; baseline 0 -20"><span class='ocrx_word' id='word_1_133' title='bbox 409 2214 611 2277; x_wconf 88' lang='lat' dir='ltr'><strong>etiam</strong></span> <span class='ocrx_word' id='word_1_134' title='bbox 660 2214 870 2296; x_wconf 88' lang='lat' dir='ltr'><strong>ipsius</strong></span> <span class='ocrx_word' id='word_1_135' title='bbox 926 2213 1209 2277; x_wconf 90' lang='lat' dir='ltr'><strong>inertiae</strong></span> <span class='ocrx_word' id='word_1_136' title='bbox 1257 2213 1561 2292; x_wconf 91' lang='lat' dir='ltr'><strong>dulced0,</strong></span> <span class='ocrx_word' id='word_1_137' title='bbox 1607 2224 1678 2278; x_wconf 89' lang='lat' dir='ltr'><strong>et</strong></span> <span class='ocrx_word' id='word_1_138' title='bbox 1725 2214 1942 2278; x_wconf 87' lang='lat' dir='ltr'><strong>invisa</strong></span> <span class='ocrx_word' id='word_1_139' title='bbox 1994 2216 2207 2297; x_wconf 88' lang='lat' dir='ltr'><strong>primo</strong></span> <span class='ocrx_word' id='word_1_140' title='bbox 2254 2215 2513 2278; x_wconf 90' lang='lat' dir='ltr'><strong>desidia</strong></span> 
     </span>
     <span class='ocr_line' id='line_1_20' title="bbox 407 2317 2507 2401; baseline 0 -21"><span class='ocrx_word' id='word_1_141' title='bbox 407 2327 747 2399; x_wconf 90' lang='lat' dir='ltr'><strong>postremo</strong></span> <span class='ocrx_word' id='word_1_142' title='bbox 808 2326 1086 2383; x_wconf 90' lang='lat' dir='ltr'><strong>amatur.</strong></span> <span class='ocrx_word' id='word_1_143' title='bbox 1196 2317 1420 2400; x_wconf 78' lang='lat' dir='ltr'><strong>Quid?</strong></span> <span class='ocrx_word' id='word_1_144' title='bbox 1496 2317 1553 2381; x_wconf 90' lang='lat' dir='ltr'><strong>si</strong></span> <span class='ocrx_word' id='word_1_145' title='bbox 1624 2339 1745 2401; x_wconf 90' lang='lat' dir='ltr'><strong>per</strong></span> <span class='ocrx_word' id='word_1_146' title='bbox 1818 2319 2198 2401; x_wconf 89' lang='lat' dir='ltr'><strong>quindecim</strong></span> <span class='ocrx_word' id='word_1_147' title='bbox 2272 2339 2507 2393; x_wconf 81' lang='lat' dir='ltr'><strong>annOS,</strong></span> 
     </span>
     <span class='ocr_line' id='line_1_21' title="bbox 291 2403 2505 2503; baseline 0 -18"><span class='ocrx_word' id='word_1_148' title='bbox 291 2448 344 2477; x_wconf 78' lang='lat'><strong>20</strong></span> <span class='ocrx_word' id='word_1_149' title='bbox 406 2423 658 2503; x_wconf 87' lang='lat' dir='ltr'><strong>grande</strong></span> <span class='ocrx_word' id='word_1_150' title='bbox 711 2420 1012 2484; x_wconf 90' lang='lat' dir='ltr'><strong>mortalis</strong></span> <span class='ocrx_word' id='word_1_151' title='bbox 1061 2419 1208 2485; x_wconf 87' lang='lat' dir='ltr'><strong>aevi</strong></span> <span class='ocrx_word' id='word_1_152' title='bbox 1263 2421 1573 2502; x_wconf 89' lang='lat' dir='ltr'><strong>spatium,</strong></span> <span class='ocrx_word' id='word_1_153' title='bbox 1623 2421 1817 2485; x_wconf 90' lang='lat' dir='ltr'><strong>multi</strong></span> <span class='ocrx_word' id='word_1_154' title='bbox 1869 2419 2166 2485; x_wconf 83' lang='lat' dir='ltr'><strong>fortuitis</strong></span> <span class='ocrx_word' id='word_1_155' title='bbox 2220 2403 2505 2500; x_wconf 74' lang='lat' dir='ltr'><strong>casibUS,</strong></span> 
     </span>
     <span class='ocr_line' id='line_1_22' title="bbox 404 2524 2506 2608; baseline 0 -21"><span class='ocrx_word' id='word_1_156' title='bbox 404 2524 948 2608; x_wconf 90' lang='lat' dir='ltr'><strong>promptissimus</strong></span> <span class='ocrx_word' id='word_1_157' title='bbox 980 2524 1261 2607; x_wconf 89' lang='lat' dir='ltr'><strong>quisque</strong></span> <span class='ocrx_word' id='word_1_158' title='bbox 1308 2524 1586 2588; x_wconf 87' lang='lat' dir='ltr'><strong>saevitia</strong></span> <span class='ocrx_word' id='word_1_159' title='bbox 1630 2525 1952 2607; x_wconf 92' lang='lat' dir='ltr'><strong>principis</strong></span> <span class='ocrx_word' id='word_1_160' title='bbox 1999 2525 2506 2604; x_wconf 89' lang='lat' dir='ltr'><strong>interciderunt,</strong></span> 
     </span>
     <span class='ocr_line' id='line_1_23' title="bbox 406 2626 2507 2710; baseline -0 -19"><span class='ocrx_word' id='word_1_161' title='bbox 406 2627 620 2710; x_wconf 88' lang='lat' dir='ltr'><strong>pauci,</strong></span> <span class='ocrx_word' id='word_1_162' title='bbox 675 2636 750 2690; x_wconf 93' lang='lat' dir='ltr'><strong>ut</strong></span> <span class='ocrx_word' id='word_1_163' title='bbox 812 2626 906 2690; x_wconf 89' lang='lat' dir='ltr'><strong>ita</strong></span> <span class='ocrx_word' id='word_1_164' title='bbox 958 2626 1257 2704; x_wconf 86' lang='lat' dir='ltr'><strong>dixerim,</strong></span> <span class='ocrx_word' id='word_1_165' title='bbox 1315 2648 1452 2691; x_wconf 93' lang='lat' dir='ltr'><strong>non</strong></span> <span class='ocrx_word' id='word_1_166' title='bbox 1506 2629 1706 2692; x_wconf 89' lang='lat' dir='ltr'><strong>modo</strong></span> <span class='ocrx_word' id='word_1_167' title='bbox 1767 2628 2064 2703; x_wconf 92' lang='lat' dir='ltr'><strong>aliorum,</strong></span> <span class='ocrx_word' id='word_1_168' title='bbox 2124 2630 2241 2692; x_wconf 90' lang='lat' dir='ltr'><strong>sed</strong></span> <span class='ocrx_word' id='word_1_169' title='bbox 2303 2628 2507 2692; x_wconf 87' lang='lat' dir='ltr'><strong>etiam</strong></span> 
     </span>
     <span class='ocr_line' id='line_1_24' title="bbox 407 2729 2520 2814; baseline 0.001 -21"><span class='ocrx_word' id='word_1_170' title='bbox 407 2731 622 2794; x_wconf 89' lang='lat' dir='ltr'><strong>nostri</strong></span> <span class='ocrx_word' id='word_1_171' title='bbox 682 2729 1084 2811; x_wconf 89' lang='lat' dir='ltr'><strong>superstites</strong></span> <span class='ocrx_word' id='word_1_172' title='bbox 1145 2751 1396 2808; x_wconf 84' lang='lat' dir='ltr'><strong>sumuS‚</strong></span> <span class='ocrx_word' id='word_1_173' title='bbox 1455 2732 1781 2814; x_wconf 86' lang='lat' dir='ltr'><strong>exemptis</strong></span> <span class='ocrx_word' id='word_1_174' title='bbox 1844 2752 1882 2796; x_wconf 90' lang='lat' dir='ltr'><strong>e</strong></span> <span class='ocrx_word' id='word_1_175' title='bbox 1943 2732 2161 2795; x_wconf 91' lang='lat' dir='ltr'><strong>media</strong></span> <span class='ocrx_word' id='word_1_176' title='bbox 2212 2732 2353 2794; x_wconf 87' lang='lat' dir='ltr'><strong>vita</strong></span> <span class='ocrx_word' id='word_1_177' title='bbox 2402 2741 2520 2795; x_wconf 90' lang='lat' dir='ltr'><strong>tot·</strong></span> 
     </span>
     <span class='ocr_line' id='line_1_25' title="bbox 405 2819 2506 2917; baseline 0 -20"><span class='ocrx_word' id='word_1_178' title='bbox 405 2833 619 2912; x_wconf 89' lang='lat' dir='ltr'><strong>annis,</strong></span> <span class='ocrx_word' id='word_1_179' title='bbox 668 2833 910 2916; x_wconf 92' lang='lat' dir='ltr'><strong>quibus</strong></span> <span class='ocrx_word' id='word_1_180' title='bbox 954 2833 1237 2915; x_wconf 88' lang='lat' dir='ltr'><strong>juvenes</strong></span> <span class='ocrx_word' id='word_1_181' title='bbox 1290 2819 1374 2898; x_wconf 86' lang='lat' dir='ltr'><strong>ad</strong></span> <span class='ocrx_word' id='word_1_182' title='bbox 1430 2844 1869 2912; x_wconf 90' lang='lat' dir='ltr'><strong>senectutem,</strong></span> <span class='ocrx_word' id='word_1_183' title='bbox 1920 2855 2117 2898; x_wconf 90' lang='lat' dir='ltr'><strong>senes</strong></span> <span class='ocrx_word' id='word_1_184' title='bbox 2171 2855 2377 2917; x_wconf 89' lang='lat' dir='ltr'><strong>prope</strong></span> <span class='ocrx_word' id='word_1_185' title='bbox 2422 2835 2506 2898; x_wconf 93' lang='lat' dir='ltr'><strong>ad</strong></span> 
     </span>
     <span class='ocr_line' id='line_1_26' title="bbox 289 2937 2496 3019; baseline -0 -16"><span class='ocrx_word' id='word_1_186' title='bbox 289 2962 340 3003; x_wconf 79' lang='lat'><strong>2⁵</strong></span> <span class='ocrx_word' id='word_1_187' title='bbox 406 2938 586 3019; x_wconf 91' lang='lat' dir='ltr'><strong>ipsos</strong></span> <span class='ocrx_word' id='word_1_188' title='bbox 633 2947 905 3001; x_wconf 86' lang='lat' dir='ltr'><strong>exactae</strong></span> <span class='ocrx_word' id='word_1_189' title='bbox 957 2938 1200 3001; x_wconf 87' lang='lat' dir='ltr'><strong>aetatis</strong></span> <span class='ocrx_word' id='word_1_190' title='bbox 1242 2937 1567 3001; x_wconf 87' lang='lat' dir='ltr'><strong>terminos</strong></span> <span class='ocrx_word' id='word_1_191' title='bbox 1599 2997 1604 3004; x_wconf 85' lang='grc'><strong>,</strong></span> <span class='ocrx_word' id='word_1_192' title='bbox 1617 2959 1737 3019; x_wconf 92' lang='lat' dir='ltr'><strong>per</strong></span> <span class='ocrx_word' id='word_1_193' title='bbox 1783 2938 2125 3001; x_wconf 89' lang='lat' dir='ltr'><strong>silentium</strong></span> <span class='ocrx_word' id='word_1_194' title='bbox 2171 2937 2496 3003; x_wconf 77' lang='lat' dir='ltr'><strong>venimus,</strong></span> 
     </span>
     <span class='ocr_line' id='line_1_27' title="bbox 406 3035 2504 3123; baseline 0 -20"><span class='ocrx_word' id='word_1_195' title='bbox 406 3041 562 3103; x_wconf 95' lang='lat' dir='ltr'><strong>Non</strong></span> <span class='ocrx_word' id='word_1_196' title='bbox 587 3050 812 3104; x_wconf 88' lang='lat' dir='ltr'><strong>tamen</strong></span> <span class='ocrx_word' id='word_1_197' title='bbox 844 3035 1104 3123; x_wconf 87' lang='lat' dir='ltr'><strong>pigebit</strong></span> <span class='ocrx_word' id='word_1_198' title='bbox 1126 3039 1233 3104; x_wconf 90' lang='lat' dir='ltr'><strong>vel</strong></span> <span class='ocrx_word' id='word_1_199' title='bbox 1265 3040 1612 3103; x_wconf 87' lang='lat' dir='ltr'><strong>incondita</strong></span> <span class='ocrx_word' id='word_1_200' title='bbox 1640 3061 1718 3104; x_wconf 88' lang='lat' dir='ltr'><strong>ac</strong></span> <span class='ocrx_word' id='word_1_201' title='bbox 1750 3042 1896 3104; x_wconf 90' lang='lat' dir='ltr'><strong>rudi</strong></span> <span class='ocrx_word' id='word_1_202' title='bbox 1920 3061 2086 3121; x_wconf 85' lang='lat' dir='ltr'><strong>voce</strong></span> <span class='ocrx_word' id='word_1_203' title='bbox 2118 3041 2504 3104; x_wconf 88' lang='lat' dir='ltr'><strong>memoriam</strong></span> 
     </span>
     <span class='ocr_line' id='line_1_28' title="bbox 404 3142 2504 3225; baseline 0.001 -20"><span class='ocrx_word' id='word_1_204' title='bbox 404 3143 641 3224; x_wconf 89' lang='lat' dir='ltr'><strong>prioris</strong></span> <span class='ocrx_word' id='word_1_205' title='bbox 674 3143 1018 3206; x_wconf 89' lang='lat' dir='ltr'><strong>servitutis</strong></span> <span class='ocrx_word' id='word_1_206' title='bbox 1051 3163 1128 3206; x_wconf 88' lang='lat' dir='ltr'><strong>ac</strong></span> <span class='ocrx_word' id='word_1_207' title='bbox 1166 3142 1629 3206; x_wconf 90' lang='lat' dir='ltr'><strong>testimonium</strong></span> <span class='ocrx_word' id='word_1_208' title='bbox 1677 3144 2130 3225; x_wconf 88' lang='lat' dir='ltr'><strong>praesentium</strong></span> <span class='ocrx_word' id='word_1_209' title='bbox 2177 3143 2504 3223; x_wconf 84' lang='lat' dir='ltr'><strong>bonorum</strong></span> 
     </span>
     <span class='ocr_line' id='line_1_29' title="bbox 403 3244 2506 3329; baseline 0.001 -20"><span class='ocrx_word' id='word_1_210' title='bbox 403 3246 875 3329; x_wconf 81' lang='lat' dir='ltr'><strong>composuisse.</strong></span> <span class='ocrx_word' id='word_1_211' title='bbox 959 3245 1094 3309; x_wconf 90' lang='lat' dir='ltr'><strong>Hic</strong></span> <span class='ocrx_word' id='word_1_212' title='bbox 1128 3245 1398 3308; x_wconf 90' lang='lat' dir='ltr'><strong>interim</strong></span> <span class='ocrx_word' id='word_1_213' title='bbox 1431 3244 1616 3322; x_wconf 93' lang='lat' dir='ltr'><strong>liber,</strong></span> <span class='ocrx_word' id='word_1_214' title='bbox 1634 3246 1869 3308; x_wconf 91' lang='lat' dir='ltr'><strong>honori</strong></span> <span class='ocrx_word' id='word_1_215' title='bbox 1894 3245 2257 3328; x_wconf 87' lang='lat' dir='ltr'><strong>Agricolae</strong></span> <span class='ocrx_word' id='word_1_216' title='bbox 2291 3247 2506 3311; x_wconf 90' lang='lat' dir='ltr'><strong>soceri</strong></span> 
     </span>
     <span class='ocr_line' id='line_1_30' title="bbox 403 3345 2504 3432; baseline 0.001 -20"><span class='ocrx_word' id='word_1_217' title='bbox 403 3348 536 3412; x_wconf 90' lang='lat' dir='ltr'><strong>mei</strong></span> <span class='ocrx_word' id='word_1_218' title='bbox 566 3348 964 3426; x_wconf 90' lang='lat' dir='ltr'><strong>destinatus,</strong></span> <span class='ocrx_word' id='word_1_219' title='bbox 990 3345 1408 3432; x_wconf 81' lang='lat' dir='ltr'><strong>professione</strong></span> <span class='ocrx_word' id='word_1_220' title='bbox 1438 3347 1711 3430; x_wconf 88' lang='lat' dir='ltr'><strong>pietatis</strong></span> <span class='ocrx_word' id='word_1_221' title='bbox 1740 3357 1856 3412; x_wconf 91' lang='lat' dir='ltr'><strong>aut</strong></span> <span class='ocrx_word' id='word_1_222' title='bbox 1888 3348 2194 3412; x_wconf 88' lang='lat' dir='ltr'><strong>laudatus</strong></span> <span class='ocrx_word' id='word_1_223' title='bbox 2227 3349 2356 3413; x_wconf 91' lang='lat' dir='ltr'><strong>erit</strong></span> <span class='ocrx_word' id='word_1_224' title='bbox 2387 3360 2504 3414; x_wconf 90' lang='lat' dir='ltr'><strong>aut</strong></span> 
     </span>
     <span class='ocr_line' id='line_1_31' title="bbox 286 3460 776 3517; baseline 0.008 -4"><span class='ocrx_word' id='word_1_225' title='bbox 286 3475 338 3513; x_wconf 79' lang='lat'><strong>³0</strong></span> <span class='ocrx_word' id='word_1_226' title='bbox 373 3460 776 3517; x_wconf 75' lang='lat' dir='ltr'><strong>excusatus,</strong></span> 
     </span>
    </p>
   </div>
   <div class='ocr_carea' id='block_1_3' title="bbox 405 3659 2530 4066">
    <p class='ocr_par' dir='ltr' id='par_1_3' title="bbox 405 3659 2530 4066">
     <span class='ocr_line' id='line_1_32' title="bbox 492 3659 2530 3743; baseline 0.005 -20"><span class='ocrx_word' id='word_1_227' title='bbox 492 3678 582 3725; x_wconf 83' lang='lat' dir='ltr'><strong>lv.</strong></span> <span class='ocrx_word' id='word_1_228' title='bbox 650 3659 949 3725; x_wconf 82' lang='lat' dir='ltr'><strong>GNAEus</strong></span> <span class='ocrx_word' id='word_1_229' title='bbox 1023 3662 1283 3743; x_wconf 80' lang='lat' dir='ltr'><strong>JULms</strong></span> <span class='ocrx_word' id='word_1_230' title='bbox 1351 3662 1748 3740; x_wconf 82' lang='lat' dir='ltr'><strong>AGR1coLA,</strong></span> <span class='ocrx_word' id='word_1_231' title='bbox 1819 3673 2049 3729; x_wconf 89' lang='lat' dir='ltr'><strong>vetere</strong></span> <span class='ocrx_word' id='word_1_232' title='bbox 2116 3675 2186 3730; x_wconf 91' lang='lat' dir='ltr'><strong>et</strong></span> <span class='ocrx_word' id='word_1_233' title='bbox 2261 3664 2530 3734; x_wconf 87' lang='lat' dir='ltr'><strong>illustri</strong></span> 
     </span>
     <span class='ocr_line' id='line_1_33' title="bbox 405 3763 2504 3851; baseline 0.004 -25"><span class='ocrx_word' id='word_1_234' title='bbox 405 3763 972 3847; x_wconf 87' lang='lat' dir='ltr'><strong>Forojuliensium</strong></span> <span class='ocrx_word' id='word_1_235' title='bbox 1005 3764 1267 3830; x_wconf 91' lang='lat' dir='ltr'><strong>colonia</strong></span> <span class='ocrx_word' id='word_1_236' title='bbox 1311 3776 1516 3844; x_wconf 89' lang='lat' dir='ltr'><strong>ortus,</strong></span> <span class='ocrx_word' id='word_1_237' title='bbox 1552 3777 1909 3851; x_wconf 90' lang='lat' dir='ltr'><strong>utrumque</strong></span> <span class='ocrx_word' id='word_1_238' title='bbox 1954 3790 2150 3833; x_wconf 90' lang='lat' dir='ltr'><strong>avum</strong></span> <span class='ocrx_word' id='word_1_239' title='bbox 2198 3789 2504 3850; x_wconf 89' lang='lat' dir='ltr'><strong>procura-</strong></span> 
     </span>
     <span class='ocr_line' id='line_1_34' title="bbox 405 3868 2498 3954; baseline 0.005 -26"><span class='ocrx_word' id='word_1_240' title='bbox 405 3875 619 3930; x_wconf 88' lang='lat' dir='ltr'><strong>torem</strong></span> <span class='ocrx_word' id='word_1_241' title='bbox 675 3868 1038 3948; x_wconf 86' lang='lat' dir='ltr'><strong>Caesarum</strong></span> <span class='ocrx_word' id='word_1_242' title='bbox 1092 3870 1341 3946; x_wconf 89' lang='lat' dir='ltr'><strong>habuit,</strong></span> <span class='ocrx_word' id='word_1_243' title='bbox 1400 3891 1569 3953; x_wconf 88' lang='lat' dir='ltr'><strong>quae</strong></span> <span class='ocrx_word' id='word_1_244' title='bbox 1622 3872 1950 3954; x_wconf 90' lang='lat' dir='ltr'><strong>equestris</strong></span> <span class='ocrx_word' id='word_1_245' title='bbox 2005 3871 2319 3936; x_wconf 90' lang='lat' dir='ltr'><strong>nobilitas</strong></span> <span class='ocrx_word' id='word_1_246' title='bbox 2376 3883 2498 3940; x_wconf 87' lang='lat' dir='ltr'><strong>est.</strong></span> 
     </span>
     <span class='ocr_line' id='line_1_35' title="bbox 407 3968 2498 4066; baseline 0.001 -34"><span class='ocrx_word' id='word_1_247' title='bbox 407 3968 605 4034; x_wconf 89' lang='lat' dir='ltr'><strong>Pater</strong></span> <span class='ocrx_word' id='word_1_248' title='bbox 632 3971 850 4055; x_wconf 91' lang='lat' dir='ltr'><strong>Julius</strong></span> <span class='ocrx_word' id='word_1_249' title='bbox 876 3971 1266 4066; x_wconf 77' lang='lat' dir='ltr'><strong>GraecinUS,</strong></span> <span class='ocrx_word' id='word_1_250' title='bbox 1294 3975 1613 4040; x_wconf 89' lang='lat' dir='ltr'><strong>senatorii</strong></span> <span class='ocrx_word' id='word_1_251' title='bbox 1644 3975 1914 4053; x_wconf 79' lang='lat' dir='ltr'><strong>ordiniS‚</strong></span> <span class='ocrx_word' id='word_1_252' title='bbox 1943 3975 2165 4040; x_wconf 90' lang='lat' dir='ltr'><strong>studio</strong></span> <span class='ocrx_word' id='word_1_253' title='bbox 2191 3974 2498 4060; x_wconf 84' lang='lat' dir='ltr'><strong>eloquen.</strong></span> 
     </span>
    </p>
   </div>
  </div>
 </body>
</html>
