2769 4332
990 271 1249 335 Retum
1293 281 1356 334 to
1399 272 1622 336 Rome.
2276 286 2313 332 2
2322 283 2354 351 5

249 463 577 537 tempora,
612 474 782 537 quae
829 453 1008 519 sileri
1043 454 1433 537 Agricolam
1483 476 1618 519 non
1657 454 1999 521 sinerent:
2043 464 2146 518 tot
2180 474 2360 519 exer·

251 558 430 622 citus
485 559 553 621 in
617 558 877 623 Moesia
930 558 1273 641 Daciaque
1327 569 1397 623 et
1454 558 1815 622 Germania
1868 570 1937 623 et
1994 559 2352 636 Pannonia,

249 662 638 725 temeritate
698 672 813 725 aut
876 682 995 743 per
1048 662 1380 744 ignaviam
1430 664 1674 726 ducum
1721 661 1950 725 amissi
1975 683 1990 738 ;
2044 671 2145 725 tot
2193 662 2358 725 mili-

248 774 434 828 tares
471 765 595 827 viri
642 786 794 828 cum
841 775 943 828 tot
992 766 1380 828 cohortibus
1429 765 1793 847 expugnati
1840 774 1909 828 et
1957 766 2176 846 capti3
2229 786 2354 830 nec

247 867 389 951 jam
420 869 505 931 de
535 868 750 932 limite
782 868 1043 949 imperii
1077 879 1144 932 et
1179 869 1340 951 ripa,
1376 869 1495 932 sed
1537 870 1621 932 de
1667 867 1967 932 hibernis
2014 869 2353 951 legionum

249 980 321 1034 et
368 972 1230 1053 possessionedubitatum.
1316 972 1423 1036 Ita
1454 993 1605 1036 cum
1638 973 1882 1035 damna
1912 973 2173 1035 damnis
2206 993 2357 1036 con-

247 1073 679 1137 tinuarentur
729 1084 931 1157 atque
984 1075 1202 1139 omnis
1257 1097 1474 1139 annus
1527 1073 1875 1139 funeribus
1931 1086 1998 1139 et
2055 1076 2353 1138 cladibus

248 1177 707 1259 insigniretur,
760 1179 1162 1259 poscebatur
1210 1198 1324 1242 ore
1373 1179 1559 1261 vulgi
1609 1179 1743 1242 dux
1792 1178 2133 1261 Agricola,
2184 1199 2356 1240 com-

247 1282 642 1363 parantibus
678 1281 940 1345 cunctis
973 1282 1271 1364 vigorem
1312 1292 1381 1345 et
1420 1282 1868 1346 constantiam
1902 1292 1970 1346 et
2004 1291 2352 1362 expertum

247 1385 448 1448 bellis
523 1385 815 1448 animum
881 1406 1032 1449 cum
1096 1385 1339 1448 inertia
1399 1395 1467 1449 et
1528 1382 1885 1449 formidine
1957 1395 2348 1449 ceterorum.

250 1488 521 1570 Quibus
597 1489 1016 1551 sermonibus
1093 1489 1258 1552 satis
1320 1497 1588 1552 constat
1652 1488 2023 1551 Domitiani
2090 1507 2354 1569 quoque

245 1611 447 1655 aures
522 1593 930 1668 verberataS,
1000 1592 1159 1654 dum
1236 1592 1531 1674 optimus
1608 1592 1887 1674 quisque
1962 1591 2351 1654 libertorum

245 1715 479 1759 amore
532 1704 600 1758 et
654 1695 805 1772 fide,
862 1695 1136 1777 pessimi
1199 1694 1618 1777 malignitate
1679 1705 1746 1759 et
1808 1695 2017 1758 livore
2069 1715 2352 1776 pronum

245 1798 696 1865 deterioribus
758 1798 1127 1881 principem
1190 1798 1729 1863 exstimulabant.
1856 1798 1969 1861 Sic
2031 1797 2354 1879 Agricola

247 1901 451 1964 simul
494 1901 633 1964 suis
675 1901 1057 1978 virtutibUS,
1093 1901 1291 1965 simul
1322 1902 1507 1966 vitiis
1548 1901 1825 1966 aliorum
1858 1901 1927 1964 in
1961 1901 2173 1983 ipsam
2219 1901 2356 1983 glo-

247 2005 417 2068 riam
451 2024 769 2087 praeceps
801 2005 1141 2087 agebatur.

341 2113 506 2174 XL11.
570 2107 832 2172 Aderat
885 2107 1020 2190 jam
1075 2129 1311 2186 annus,
1363 2129 1495 2191 quo
1549 2106 2091 2190 proconsulatum
2139 2106 2352 2171 Asiae

245 2222 322 2278 et
368 2208 644 2276 Africae
694 2212 1066 2290 sortiretur,
1103 2222 1170 2277 et
1219 2214 1442 2278 occiso
1477 2213 1707 2277 Civica
1753 2232 1966 2295 nuper
1997 2231 2122 2275 nec
2154 2210 2354 2293 Agri-

245 2315 438 2381 colae
514 2316 866 2379 consilium
944 2315 1193 2393 deerat,
1272 2337 1398 2380 nec
1476 2316 1866 2378 Domitiano
1949 2314 2346 2396 exemplum.

244 2420 629 2483 Accessere
690 2419 957 2501 quidam
1019 2419 1504 2502 cogitationum
1569 2418 1889 2501 principis
1957 2417 2175 2500 periti,
2239 2417 2351 2499 qui

245 2524 555 2590 iturusne
602 2533 785 2587 esset
834 2523 901 2586 in
950 2523 1359 2605 provinciam
1409 2523 1585 2585 ultro
1635 2521 2026 2605 Agricolam
2075 2521 2352 2584 interro-

244 2636 508 2709 garent.
602 2625 712 2690 Ac
759 2626 973 2708 primo
1020 2625 1348 2690 occultius
1387 2625 1681 2708 quietem
1716 2635 1783 2689 et
1817 2625 2028 2689 otium
2061 2624 2347 2702 laudare,

245 2751 406 2793 mox
450 2750 721 2812 operam
770 2750 955 2793 suam
1004 2729 1074 2792 in
1120 2731 1549 2811 approbanda
1594 2729 2023 2793 excusatione
2069 2725 2351 2806 offerre3

244 2843 592 2916 postremo
662 2854 797 2896 non
871 2833 1006 2915 jam
1075 2833 1341 2897 obscuri
1414 2833 1776 2897 suadentes
1843 2831 2039 2895 simul
2101 2841 2353 2895 terren-

243 2948 488 3019 tesque
537 2945 919 3017 pertraxere
965 2937 1048 2999 ad
1094 2937 1574 3000 Domitianum.
1658 2936 1791 3018 Qui
1839 2945 2108 3018 paratus
2156 2934 2353 2997 simu-

170 3115 175 3118 Α
244 3040 518 3116 latione,
584 3039 653 3102 in
715 3039 1162 3121 arrogantiam
1224 3040 1657 3121 compositUS,
1722 3049 1790 3102 et
1844 3039 2053 3102 audiit
2116 3057 2349 3120 preces

243 3142 654 3219 excusantiS,
712 3152 780 3205 et
835 3163 986 3206 cum
1040 3142 1410 3220 annuisset,
1467 3143 1576 3225 agi
1632 3142 1758 3205 sibi
1813 3141 2062 3224 gratias
2114 3161 2349 3221 passus

242 3257 371 3323 est,
406 3267 532 3309 nec
567 3246 832 3309 erubuit
865 3245 1176 3310 beneficii
1215 3246 1481 3312 invidia.
1565 3245 1893 3310 Salarium
1925 3254 2172 3321 tamen,
2208 3264 2353 3325 pro-

241 3350 508 3414 consuli
539 3349 874 3413 consulari
907 3349 1179 3412 solitum
1212 3346 1440 3412 offerri
1472 3359 1539 3412 et
1579 3350 1976 3431 quibusdam
2007 3367 2048 3411 a
2089 3366 2162 3409 se
2205 3346 2350 3427 ipso

240 3473 645 3518 concessum
707 3452 1070 3535 Agricolae
1138 3474 1273 3515 non
1334 3453 1565 3529 dedit;
1641 3452 1783 3515 sive
1851 3447 2151 3514 offensus
2213 3469 2348 3511 non

240 3558 554 3640 petitum,
612 3556 753 3620 sive
810 3577 893 3620 ex
944 3556 1376 3632 conscientia,
1434 3576 1521 3619 ne
1575 3556 1752 3638 quod
1811 3562 2120 3618 vetuerat
2173 3552 2352 3615 vide-

239 3671 431 3724 retur
499 3660 765 3724 emisse.
891 3659 1235 3740 Proprium
1296 3659 1571 3722 humani
1634 3659 1887 3741 ingenii
1957 3667 2060 3721 est
2127 3655 2350 3718 odisse

240 3784 442 3845 quem
478 3762 752 3825 laeseris
780 3783 793 3838 ;
838 3761 1209 3825 Domitiani
1233 3783 1391 3825 vero
1425 3771 1679 3838 natura,
1709 3782 2027 3843 praeceps
2063 3761 2129 3821 in
2164 3759 2347 3835 iram,

240 3877 310 3930 et
361 3888 491 3948 quo
541 3866 902 3942 obscurior,
938 3886 1017 3928 eo
1044 3863 1577 3941 'irrevocabilior,
1620 3864 2078 3928 moderatione
2119 3872 2349 3924 tamen

242 3969 733 4052 prudentiaque
758 3967 1120 4050 Agricolae
1153 3968 1546 4043 leniebatur,
1574 3968 1728 4048 quia
1760 3988 1893 4029 non
1929 3965 2352 4030 contumacia

2426 1412 2475 1438 10

2424 1928 2472 1967 ι5

2420 2966 2469 3003 25

2420 3481 2472 3518 30

2419 3995 2468 4032 35
